3784 5550
905 435 1068 500 ..6-

955 632 1026 697 164.

293 729 294 734 ¹
343 770 424 836 Aliis
448 771 526 854 quia
549 770 639 851 defit,
665 772 755 855 quod
779 775 901 852 amant,
924 774 1078 858 aegrest;
1102 772 1162 838 tibi
1185 772 1263 856 quia
1287 775 1438 856 superest
1462 772 1572 838 dolet:

343 858 463 926 Amore
487 860 652 939 abundas,
675 859 830 944 Antipho.

241 950 313 1016 164.
351 948 436 1014 Nam
475 951 531 1014 tua
569 949 703 1032 quidem
732 949 840 1016 hercle
871 951 959 1015 certo
994 949 1061 1015 vita
1084 950 1165 1015 haec
1198 949 1382 1033 expetenda
1421 950 1634 1033 optandaque
1672 952 1735 1014 est.

348 1038 394 1103 113
417 1055 469 1103 me
493 1038 526 1102 di
551 1037 636 1103 bene
660 1040 781 1117 ament,
806 1041 841 1103 ut
864 1038 944 1104 mihi
969 1038 1065 1104 liceat
1087 1042 1154 1104 tarn
1185 1039 1358 1122 diuquod
1382 1055 1461 1104 amo
1484 1037 1557 1104 11111.

341 1127 413 1211 Jam
438 1126 604 1210 depecisci
630 1130 735 1193 morte
759 1128 882 1210 cupio:

344 1232 394 1298 Ad
419 1250 505 1316 quos
528 1249 646 1299 versus
670 1233 733 1298 hoc
757 1233 865 1302 solum
891 1235 977 1299 recte
1003 1233 1042 1298 Η.
1067 1232 1192 1299 dixisse
1214 1233 1364 1299 videtur:
1403 1229 1452 1300 Ce
1476 1250 1628 1319 passage,
1646 1233 1732 1300 ainsi

240 1321 364 1406 qu’une
386 1321 658 1387 demi-douzaine
682 1322 724 1388 de
747 1339 976 1400 versencore,
1002 1323 1093 1388 route
1123 1339 1180 1387 sur
1204 1339 1268 1387 une
1302 1321 1375 1388 idee
1409 1321 1665 1401 fondamentale,
1702 1324 1735 1388 la

241 1410 474 1494 comparaison
491 1414 581 1476 entre
597 1411 627 1475 13
650 1414 719 1477 3011
742 1411 803 1476 des
826 1411 915 1477 deux
943 1410 1059 1496 jeunes
1075 1429 1168 1496 gens.
1185 1410 1353 1494 Antiphon
1370 1428 1406 1476 se
1430 1411 1554 1496 plaint:
1578 1411 1733 1478 combien

241 1517 303 1566 son
328 1501 445 1564 cousin
468 1499 580 1565 aurait
597 1500 673 1582 plus
696 1500 725 1565 le
755 1500 840 1565 droit
863 1499 906 1565 de
929 1517 966 1566 se
990 1499 1139 1582 plaindre
1154 1500 1183 1566 !“

346 1604 543 1688 Priusquam
570 1605 698 1672 Havetii
722 1606 991 1672 deliberationem
1017 1606 1203 1672 accuratius
1226 1606 1425 1689 perquiram,
1442 1606 1582 1672 breviter
1596 1608 1733 1671 senten-

240 1696 357 1760 tiarum
394 1695 554 1773 ordinem,
589 1694 644 1778 q'ui
695 1696 793 1760 nobis
829 1695 987 1777 opinione
1021 1712 1089 1760 non
1124 1700 1336 1778 praesumpta
1372 1695 1559 1779 legentibus
1595 1694 1733 1766 offertur

241 1800 407 1867 quemque
431 1784 565 1867 optimis
589 1783 762 1850 codicibus
785 1783 938 1849 traditum
976 1801 1093 1849 omnes
1117 1784 1260 1849 editores
1295 1801 1463 1849 consensu
1499 1783 1731 1866 probaverunt,

244 1873 407 1956 explicare
431 1873 510 1938 mihi
535 1873 567 1937 in
590 1875 703 1939 animo
727 1875 787 1939 est.

346 1978 491 2062 Antipho
529 1996 604 2044 cum
649 1979 831 2045 Phaedriae
870 1978 1072 2044 consobrino
1118 1977 1273 2062 queritur,
1310 1979 1377 2060 qui,
1416 1995 1504 2057 „non
1544 1978 1734 2064 intelleg0“,

240 2068 356 2151 inquit,
381 2071 433 2148 „te
456 2069 543 2134 adeo
559 2067 721 2134 infelicem
746 2085 830 2133 esse.
845 2066 906 2133 Α111
931 2068 1083 2133 homines
1098 2067 1222 2146 dolent,
1248 2067 1338 2149 quod
1350 2084 1461 2132 amare
1476 2084 1552 2132 non
1578 2071 1730 2149 possunt,

240 2161 274 2222 tu
308 2170 421 2223 amore
455 2158 618 2237 abundas,
655 2157 699 2236 id,
736 2157 828 2240 quod
863 2174 981 2222 omnes
1015 2157 1167 2222 homines
1202 2156 1264 2222 sibi
1290 2159 1415 2239 optant,
1439 2173 1516 2221 nam
1540 2156 1671 2239 qualem
1697 2158 1732 2221 tu

239 2247 327 2331 geris
362 2246 473 2325 vitam,
509 2247 651 2312 maxime
686 2246 870 2329 expetenda
908 2248 990 2311 est.“
1037 2244 1199 2311 Particula
1224 2248 1344 2325 „nam“
1368 2245 1549 2328 explicatur
1571 2246 1734 2310 sententia

240 2351 260 2401 a
283 2334 437 2401 Terentio
461 2335 702 2417 praetermissa,
727 2352 801 2400 cum
826 2335 890 2399 iarn
914 2352 1013 2400 versu
1041 2335 1102 2399 162
1126 2334 1270 2417 aliquam
1295 2335 1418 2417 partem
1443 2333 1638 2399 adumbrata
1678 2335 1731 2398 sit.

240 2423 318 2502 Quo
353 2424 455 2488 modo
492 2441 566 2489 mea
589 2443 630 2489 ex
653 2425 813 2490 sententia
836 2425 899 2488 hoc
922 2424 997 2489 loco
1022 2426 1142 2503 „nam“
1179 2423 1369 2506 explicatur,
1404 2423 1495 2506 quod
1531 2422 1571 2487 H.
1607 2424 1734 2488 mutare

240 2513 319 2579 vult.
367 2511 444 2577 item
484 2513 517 2577 in
557 2512 721 2578 locutione
761 2515 838 2591 „tua
873 2512 940 2577 vita
978 2513 1081 2577 haec“
1121 2529 1188 2578 non
1227 2511 1416 2577 necessario
1456 2511 1495 2576 ll.
1532 2510 1732 2578 offenditur:

241 2601 533 2667 demonstrativum
571 2603 691 2681 „haec“
734 2601 797 2666 hoc
831 2601 905 2666 loco
939 2601 1030 2667 nullo
1064 2601 1165 2667 modo
1199 2601 1333 2667 alteram
1359 2603 1519 2666 monstrat
1543 2616 1731 2683 personam,

242 2691 302 2756 sed
325 2690 425 2757 vitam
442 2691 612 2774 pulchram
640 2690 805 2775 significat
819 2693 852 2756 et
865 2690 994 2756 beatam
1008 2727 1050 2736 —
1067 2693 1101 2755 ut
1116 2689 1278 2757 Phaedria
1290 2690 1493 2756 demonstrat
1505 2690 1539 2754 in
1551 2708 1581 2754 1.
1604 2689 1663 2754 162
1678 2726 1732 2769 -,

241 2797 328 2863 quae
351 2780 535 2863 expetenda
558 2783 589 2846 et
613 2781 760 2863 optanda
783 2781 834 2846 sit.

242 2867 337 2947 Quae
360 2887 435 2934 cum
475 2870 518 2934 ita
556 2870 631 2947 sint,
671 2869 797 2935 Havetii
837 2868 999 2934 sententia
1037 2868 1204 2946 refutatur,
1231 2868 1288 2951 qui
1321 2885 1381 2951 pro
1407 2869 1524 2947 „nam“
1550 2868 1584 2933 in
1607 2869 1732 2932 textum

242 2957 356 3041 recipit
382 2957 531 3035 „minus“
558 2961 751 3043 argumenta
781 2955 913 3043 lingens
935 2958 1039 3023 haec:
1400 2965 1401 2968 ’

350 3059 441 3130 C’est
478 3067 608 3144 „nam“,
641 3066 672 3150 je
696 3064 792 3143 crois,
831 3064 887 3147 qui
922 3066 973 3129 est
1008 3066 1037 3129 le
1061 3063 1152 3149 siege
1176 3063 1218 3128 de
1242 3064 1272 3128 13
1293 3062 1392 3128 iaute.
1440 3061 1671 3145 Remplacons,
1694 3081 1737 3128 ce

243 3151 473 3237 monosyllabe
497 3170 556 3236 par
579 3153 608 3218 le
632 3152 826 3236 compararit
838 3153 958 3232 minus,
983 3155 1015 3219 et
1038 3153 1058 3217 il
1075 3152 1130 3238 n'y
1152 3152 1264 3235 aplus
1279 3152 1321 3217 de
1344 3152 1457 3218 iausse
1480 3167 1666 3235 apparence
1689 3152 1736 3216 de

243 3242 498 3307 raisonnement.
548 3240 687 3320 „Amore
722 3242 907 3321 abundas“,
944 3242 1001 3325 qui
1038 3259 1151 3324 marqe
1186 3242 1216 3306 13
1250 3240 1296 3306 lin
1327 3241 1372 3305 du
1396 3241 1561 3306 canticum
1584 3239 1674 3318 libre,
1700 3246 1736 3306 et

245 3330 408 3409 „minus“,
444 3331 500 3414 qui
524 3334 575 3396 est
598 3332 627 3396 le
652 3332 792 3415 premier
815 3333 884 3395 mot
907 3331 968 3396 des
991 3331 1176 3396 octonaires
1202 3327 1293 3390 Κατὰ
1309 3330 1421 3415 στίχον,
1437 3330 1688 3412 appartiennent
1712 3329 1736 3394 a

243 3420 303 3485 des
338 3420 563 3503 propositions
598 3419 861 3503 independantes
885 3419 973 3485 l'une
996 3420 1038 3485 de
1070 3419 1193 3484 l’autre.
1243 3418 1366 3499 „Tua“,
1392 3419 1422 3484 la
1445 3419 1496 3484 vie
1520 3417 1736 3500 d'Antiphon,

243 3508 402 3592 s'oppose
424 3508 513 3574 eniin
537 3508 557 3574 at
583 3510 667 3588 „vita
684 3510 797 3587 haec“,
822 3510 852 3573 la
875 3508 927 3574 113
951 3509 1079 3574 deson
1103 3508 1230 3574 cousin.
1255 3507 1295 3573 Et
1318 3506 1414 3572 111133
1437 3508 1480 3573 de
1504 3507 1736 3590 comparaison

246 3601 337 3663 entre
353 3598 401 3663 les
424 3598 513 3663 deux
535 3598 606 3663 vies
620 3598 756 3663 domine
772 3599 802 3663 13
824 3615 899 3663 1313
929 3598 1001 3678 164,
1025 3614 1155 3663 comme
1178 3597 1239 3662 elle
1262 3596 1397 3662 domine
1420 3598 1491 3662 tout
1514 3596 1544 3661 13
1568 3612 1735 3661 morceau.

245 3686 284 3752 ll.
319 3686 417 3772 igitur
451 3703 511 3769 pro
548 3690 664 3766 „nam“
702 3687 795 3769 ponit
831 3686 1005 3766 „minus“;
1028 3689 1084 3751 tua
1108 3688 1158 3751 est
1179 3685 1245 3751 abl.
1273 3702 1383 3769 comp.
1407 3688 1438 3750 et
1461 3686 1659 3751 contrarium
1683 3689 1737 3750 est

242 3775 352 3841 verbis
379 3776 464 3853 „vita
487 3776 599 3841 haec“
637 3774 748 3859 ltaque
779 3792 880 3856 „avec
903 3777 1185 3859 empressement“
1209 3774 1382 3840 lectionem
1408 3777 1542 3839 secutus
1575 3774 1736 3840 librorum

245 3862 286 3943 D,
312 3860 353 3942 G,
377 3862 498 3928 Donati
514 3865 537 3945 ¹)
561 3864 694 3941 scribit:
760 3909 766 3917 ·
1467 3940 1470 3947 ,

349 3970 463 4034 Minus
498 3972 554 4035 tua
589 3971 723 4053 quidem
759 3969 867 4036 hercle
899 3969 966 4035 vita
1000 3972 1086 4035 certe
1110 3970 1191 4035 haec
1226 3970 1411 4053 expetenda
1435 3969 1650 4052 optandaque
1672 3973 1736 4036 331.

354 4070 459 4141 Cuius
493 4075 735 4141 emendationis
769 4094 900 4143 summa
934 4079 984 4142 est
1023 4077 1124 4142 haec:
1172 4076 1284 4141 Minus
1311 4078 1367 4141 tua
1389 4076 1455 4141 vita
1479 4077 1604 4141 haec—
1628 4075 1661 4141 id
1685 4081 1740 4141 est

249 4180 323 4229 mea
347 4201 389 4209 -
413 4165 597 4247 expetenda
622 4168 681 4245 est,
706 4166 797 4249 quod
822 4183 880 4249 per
904 4183 941 4231 se
965 4166 1046 4231 satis
1070 4166 1190 4231 claram
1215 4168 1247 4230 et
1270 4164 1476 4249 probabilem
1502 4164 1634 4230 exhibet
1656 4181 1737 4229 sen-

244 4253 389 4332 tentiam,
425 4254 559 4319 minime
590 4257 700 4319 autem
725 4272 766 4320 ex
800 4258 918 4338 poetae
952 4254 1062 4321 verbis
1086 4257 1262 4337 sumptam,
1288 4254 1358 4319 sed.
1384 4253 1424 4319 H.
1448 4271 1489 4319 ex
1512 4271 1574 4319 sua
1596 4252 1735 4319 libidine

249 4358 346 4408 versu
370 4343 557 4426 composito
582 4345 698 4426 poetae
722 4360 795 4409 eam
830 4345 1017 4427 supposuit.
1065 4342 1176 4422 Quare
1200 4343 1318 4409 eodem
1342 4342 1453 4408 studio
1476 4345 1576 4426 atque
1607 4342 1739 4422 ardore,

244 4448 312 4514 quo
329 4431 482 4497 incitatus
507 4431 549 4503 Η.
565 4449 659 4497 suam
684 4450 800 4497 versus
816 4433 956 4498 formam
973 4432 1061 4517 legit,
1085 4449 1148 4497 nos
1175 4432 1296 4515 potius,
1313 4449 1413 4516 quam
1438 4432 1552 4514 optimi
1577 4431 1740 4515 praebent

243 4518 383 4585 formam
408 4520 491 4599 libri,
516 4520 704 4586 tenebimus
727 4525 826 4605 atque
851 4521 1080 4587 servabimus:

352 4607 437 4674 Nam
461 4614 517 4675 tua
540 4609 675 4693 quidem
701 4610 809 4676 hercle
833 4614 921 4676 certo
944 4610 1011 4677 vita
1035 4611 1116 4676 haec
1140 4610 1325 4693 expetenda
1349 4609 1563 4692 optandaque
1588 4612 1647 4674 331.

319 4765 339 4837 ¹)
358 4766 406 4835 qui
424 4780 480 4820 una
498 4766 585 4821 verba
605 4768 698 4833 „certo
717 4766 789 4822 vita“
809 4768 998 4837 transponunt
1026 4766 1053 4821 in
1075 4766 1147 4834 ,1113
1166 4767 1268 4823 cerio.“
1306 4764 1388 4832 Quae
1405 4765 1482 4821 13113
1501 4765 1584 4822 lectio
1603 4764 1735 4821 codicum

246 4850 303 4892 non
322 4836 390 4893 tanti
408 4835 586 4894 aestimanda
614 4840 667 4904 est,
695 4840 724 4893 ut
742 4838 862 4893 aliorum
880 4838 1015 4894 librorum
1036 4838 1184 4895 lectionem
1203 4840 1311 4893 mutare
1330 4851 1384 4893 nos
1402 4840 1542 4908 oporteat.
1578 4837 1649 4892 Nam
1667 4836 1736 4892 13113

244 4906 376 4965 facillima
394 4907 578 4977 transpositio
597 4908 767 4979 saepissime
785 4912 813 4966 et
832 4924 923 4979 paene
941 4909 969 4964 in
988 4910 1123 4967 omnibus
1141 4908 1288 4966 codicibus
1306 4908 1453 4966 invenitur.
