3784 5550
948 425 1124 492 ..20-

392 600 501 680 Quam
518 601 751 680 coniecturam,
769 619 834 684 qua
852 602 891 666 Η.
917 604 949 667 in
967 604 1030 668 hoc
1045 621 1142 669 versu
1162 621 1223 686 pro
1246 605 1416 688 ‚,decipls“
1439 605 1552 672 scribit
1575 607 1777 690 „decipere“

285 691 438 773 quamvis
453 690 639 776 ingenuosa
662 690 713 769 sit,
739 690 827 756 haud
843 691 1010 774 recipiam,
1035 710 1108 757 cum
1135 693 1229 758 lectio
1254 694 1424 777 „decipis“
1448 696 1582 778 optimis
1607 696 1777 779 plerisque

100 769 104 780 “
187 805 188 808 “
286 780 459 845 codicibus
482 781 609 844 servata
632 779 783 861 graviore
808 779 981 846 deficiente
1005 798 1107 846 causa
1129 781 1304 847 abicienda
1328 783 1469 848 nonsit.

392 866 508 952 Neque
532 867 672 933 Havelio
695 869 865 946 assentiar,
891 870 946 952 qui
972 871 1015 934 ob
1039 887 1111 935 eam
1137 872 1242 935 solam
1267 889 1414 949 causam,
1438 872 1530 955 quod
1554 890 1670 938 versus
1712 874 1778 941 530

285 957 516 1023 coniunctione
551 960 668 1035 careat,
705 958 791 1022 hunc
826 975 958 1023 versum
992 977 1058 1024 non
1095 959 1291 1025 alerentio
1315 961 1483 1042 scriptum,
1508 961 1568 1026 sed
1592 962 1636 1026 ab
1659 962 1798 1045 aliquo¹

283 1047 386 1112 adnot
374 1048 476 1111 tatum
502 1046 716 1146 posteaque
708 1064 741 1110 in
765 1047 914 1111 textum
906 1048 1078 1130 irrepsisse
1103 1047 1284 1113 confirmet.
1331 1047 1432 1126 Quod
1455 1048 1570 1128 Dori0‚
1594 1052 1777 1117 vehemen-

283 1135 346 1201 tior
392 1138 423 1200 et
467 1135 578 1212 iratus,
624 1135 687 1199 iam
735 1152 803 1200 non
849 1153 1035 1201 connexum
1074 1138 1307 1202 sententiarum
1348 1141 1379 1203 et
1414 1138 1676 1204 enuntiationum
1722 1160 1777 1224 per

284 1223 535 1290 coniunctiones
559 1223 743 1288 secundum
769 1225 859 1308 leges
883 1225 1081 1310 syntecticus
1103 1224 1189 1303 tacit,
1215 1226 1293 1290 milri
1319 1226 1454 1309 quidem
1479 1228 1576 1310 plane
1600 1229 1776 1311 probabile

284 1316 379 1379 etex
402 1312 638 1398 psychologica
662 1313 787 1377 ratione
810 1313 905 1378 facile
929 1314 1082 1396 explicari
1107 1332 1208 1397 posse
1232 1315 1371 1380 videtur.

941 1438 1129 1504 540-542.

328 1561 418 1641 Quid
442 1562 592 1628 faciam?
615 1561 675 1627 An.
701 1561 851 1629 lnvenias
874 1565 1057 1645 argentum.
1083 1558 1144 1628 Ge.
1170 1559 1303 1645 Cupio;
1328 1562 1387 1628 sed
1412 1563 1444 1628 id
1469 1563 1568 1641 unde,
1593 1565 1714 1629 edoce.

327 1651 387 1716 An.
403 1651 497 1716 Pater
511 1651 606 1717 adest
619 1651 681 1716 hic.
698 1649 759 1718 Ge
777 1649 872 1731 Scio;
890 1651 950 1716 sed
974 1651 1055 1734 quid
1071 1651 1172 1717 tum?
1194 1651 1256 1716 An.
1279 1651 1339 1730 Ah,
1356 1652 1478 1717 dictum
1496 1653 1637 1735 sapienti
1651 1656 1708 1718 sat
1722 1660 1778 1718 est.
1797 1652 1798 1677 t

329 1738 389 1808 Ge.
417 1739 533 1806 ltane?
565 1740 625 1806 An.
652 1740 707 1806 lta.
731 1737 791 1806 Ge.
818 1737 905 1807 Sane
929 1741 1037 1805 hercle
1069 1741 1203 1823 pulchre
1228 1740 1372 1805 suades:
1397 1741 1494 1805 etiam
1512 1744 1548 1807 tu
1572 1742 1647 1806 hinc
1670 1744 1780 1808 abis?

392 1829 425 1894 ln
449 1847 546 1896 versu
570 1830 635 1896 540
659 1829 764 1896 Havet
788 1828 926 1913 praefert
957 1829 1129 1894 lectionem
1155 1828 1280 1893 codicis
1315 1829 1382 1969 Ε.ἰΓΙ
1797 1842 1798 1891 l

390 1989 425 2056 ln
462 1990 576 2055 codice
619 1988 782 2054 Bembino
828 1989 985 2071 scriptum
1032 1989 1205 2054 videmus:
1252 1986 1484 2069 SEDUNDE;
1531 1990 1609 2068 „id“
1645 1985 1776 2058 addidit

284 2083 456 2145 corrector.
519 2078 653 2144 Plurimi
690 2078 833 2143 editores
868 2078 953 2142 hanc
988 2094 1105 2142 versus
1139 2080 1346 2155 structuram,
1383 2095 1482 2160 quam
1518 2080 1639 2161 aliique
1676 2083 1775 2145 etiarn

283 2168 417 2234 codices
441 2168 609 2250 praebent,
634 2171 835 2250 receperunt.
864 2164 952 2234 Cont
939 2170 988 2230 tra
1012 2165 1052 2230 H.
1077 2166 1250 2230 lectionem
1275 2167 1401 2232 codicis
1426 2166 1451 2230 Ε
1474 2171 1608 2233 secutus
1631 2169 1777 2235 scribere

282 2257 369 2324 vult:
418 2255 559 2339 „Cupio,
595 2257 655 2321 sed
693 2256 809 2321 unde?
844 2255 877 2320 id
916 2255 1052 2321 edoce.“
1100 2252 1201 2331 Quod
1225 2273 1288 2320 nos
1311 2258 1420 2321 autem
1445 2273 1578 2338 semper
1599 2257 1775 2324 lectionem

283 2345 410 2411 codicis
435 2346 580 2411 melioris
605 2344 793 2428 recipimus,
829 2347 861 2410 et
884 2345 997 2409 inhoc
1020 2361 1118 2411 versu
1156 2344 1328 2429 legemus:
1354 2340 1494 2427 „Cupi0,
1518 2345 1579 2410 sed
1602 2345 1635 2410 id
1675 2349 1777 2425 unde,

283 2436 537 2590 edoce‘Omnino
572 2522 652 2587 nihil
686 2526 795 2589 autem
833 2521 1005 2600 habemus,
1041 2521 1131 2604 quod
1163 2539 1297 2594 versum
1332 2522 1397 2586 542
1433 2523 1505 2587 sine
1529 2523 1595 2586 ulla
1618 2524 1776 2590 varietate

284 2614 440 2679 omnibus
464 2613 636 2678 codicibus
659 2612 812 2678 traditum
837 2610 1063 2689 emendemus,
1093 2627 1194 2692 quare
1219 2610 1346 2676 Havetii
1370 2627 1527 2676 versum:

388 2702 512 2786 Jtanei
546 2739 590 2748 -
624 2701 679 2766 lta.
715 2737 758 2747 -
794 2699 839 2766 lta
874 2699 982 2764 sane?
1016 2700 1124 2764 hercle
1156 2699 1292 2783 pulchre
1328 2700 1451 2764 suades
1487 2701 1775 2781 ..,reiciemns,

283 2809 486 2876 quamquam
502 2792 782 2876 palaeographica
798 2791 923 2856 ratione
938 2789 1034 2854 facile
1057 2789 1128 2854 lieri
1146 2789 1261 2871 potuit,
1288 2792 1322 2854 ut
1345 2789 1424 2855 illud
1449 2790 1537 2869 ‚,ita“
1562 2791 1775 2858 omitteretur.

991 2913 1066 2979 561.

458 3040 646 3106 Praestost:
685 3039 919 3105 audacissume
951 3038 1060 3103 oneris
1093 3037 1227 3120 quidvis
1263 3037 1408 3120 inpone:
1433 3038 1485 3102 hic
1509 3037 1599 3103 teret.

390 3130 645 3285 Havlgialeesgllgst:
669 3218 903 3283 audacissume
927 3216 1038 3281 oneris
1062 3216 1152 3298 quod
1177 3215 1228 3279 vis
1254 3216 1406 3297 impone:
1432 3214 1465 3279 id
1488 3213 1577 3281 teret.

390 3307 423 3372 ln
458 3309 573 3375 codice
608 3306 635 3373 Α
666 3308 762 3388 „bic“
794 3305 923 3371 addidit
957 3307 1137 3369 corrector:
1174 3300 1348 3369 BCDEFP
1378 3304 1580 3386 praebent,
1584 3307 1627 3383 ‚et
1659 3305 1776 3383 terel“,

281 3412 501 3495 baterico
539 3413 725 3482 Gulielmus
770 3411 909 3478 coniecit
946 3410 1075 3477 ecferet.
1131 3408 1230 3487 Quod
1269 3409 1313 3474 ad
1352 3410 1474 3489 stilum,
1523 3410 1566 3475 ad
1610 3411 1795 3496 rationem

281 3506 458 3601 metricam,
492 3523 534 3588 ad
568 3520 763 3587 sententiam
800 3518 948 3601 pertinet,
985 3516 1081 3596 „bic“
1117 3516 1240 3599 optime
1273 3516 1424 3602 congruit
1447 3532 1555 3599 neque
1579 3507 1795 3585 dubitamus'

280 3629 355 3676 cum
381 3611 524 3677 Haulero
549 3612 611 3675 hoc
636 3625 820 3692 pronomen
844 3608 998 3689 recipere.

987 3731 1063 3797 609.

439 3858 758 3944 Adibothosce):o
738 3856 810 3943 oth)
846 3858 946 3935 salve,
982 3857 1094 3920 noster
1129 3850 1291 3919 Chreme!
1316 3850 1376 3919 Ch
1402 3850 1508 3931 Salve,
1535 3851 1638 3920 Geta!

300 3999 304 4005 Ι
387 3950 684 4105 Haxedibggihosce.
709 4035 804 4114 Oto,
829 4037 939 4099 noster
963 4030 1187 4100 Chremes..
1245 4067 1287 4077 —
1312 3981 1418 4108 Salve,
1444 4027 1540 4096 Geta

386 4127 582 4197 Coniectura
618 4126 744 4192 llavetii
778 4124 830 4190 hic
864 4139 980 4189 versus
1016 4121 1117 4186 nihilo
1153 4120 1267 4185 melior
1303 4119 1349 4199 tit,
1384 4137 1459 4184 cum
1484 4120 1616 4184 etiam
1607 4135 1675 4184 rum
1704 4140 1772 4187 una

278 4220 404 4306 syllaba
439 4232 684 4300 supervacanea
715 4214 777 4292 sit;
814 4212 916 4277 mullo
954 4210 1134 4293 simplicior
1166 4211 1198 4274 et
1231 4209 1357 4274 facilior
1380 4212 1411 4273 et
1435 4207 1552 4273 rectior
1575 4211 1772 4276 emendatio

277 4308 409 4374 Hauleri
442 4307 579 4381 videtur,
614 4321 682 4387 qua
715 4318 899 4386 pronomen
934 4301 1047 4378 hosce,
1083 4298 1174 4382 quod
1210 4297 1349 4363 tortasse
1381 4300 1550 4382 tamquam
1573 4297 1695 4382 glossa
1720 4302 1770 4367 uel

276 4396 483 4481 explicatio
475 4414 508 4460 in
531 4395 655 4460 textum
678 4392 849 4459 inductum
873 4393 932 4469 est,
957 4389 1124 4455 omittitur

983 4513 1059 4578 648.

545 4643 587 4710 Ut
609 4643 652 4708 ad
676 4658 783 4725 pauca
814 4639 945 4704 redeam
970 4654 1009 4702 ac
1033 4636 1159 4702 mittam
1184 4635 1270 4701 illius
1294 4634 1446 4717 ineptias

544 4731 632 4797 llaec
657 4730 802 4813 denique
825 4728 897 4793 eius
918 4727 979 4791 tuit
1002 4730 1170 4809 postrema
1194 4725 1309 4789 oratio.

383 4821 412 4893 F
577 4822 646 4974 hd
672 4924 778 4993 pauca
801 4906 932 4973 redeam
957 4922 996 4970 ac
1020 4904 1144 4969 mittam
1174 4902 1246 4967 illas
1270 4900 1422 4984 ineptias.
