3784 5550
887 433 1064 498 ..12-

218 626 302 674 ‘cum
328 607 450 674 llauler
472 612 539 676 tam
562 627 681 694 graves
705 627 825 674 causas
847 611 969 674 summi
993 611 1152 675 momenti
1175 610 1354 693 protulerit.
1383 608 1407 694 ¹)
1431 609 1592 675 Minime!
1632 609 1726 674 Nam

222 697 401 764 lectionem
427 697 545 764 falsam
562 716 637 764 esse
653 698 733 764 dicit
755 700 787 764 et
809 716 925 766 versus
941 699 1135 764 sententiam
1161 698 1311 764 deficere.
1338 697 1387 779 „A
1411 699 1491 781 quoi
1514 700 1594 782 peut
1617 699 1726 763 servir

229 786 284 866 „in
331 787 491 869 pistrino“
531 789 628 871 apr'es
678 787 951 866 ‚,molendum“?
997 784 1088 854 C'est
1128 805 1171 852 au
1211 788 1336 853 moulin
1375 788 1478 870 qu’on
1519 788 1632 867 moud‚
1673 787 1727 853 les

220 876 432 958 :spectateurs
457 876 486 941 le
509 880 624 942 savent
648 877 725 942 bien
749 893 829 941 sans
852 893 917 960 que
950 875 1096 942 Terence
1120 876 1150 958 le
1173 876 1243 942 leur
1266 876 1348 942 dise.
1372 876 1412 942 Et
1447 879 1597 958 „usque“
1638 875 1728 941 n’est

227 981 290 1047 pas
324 964 412 1029 clair.
447 963 664 1044 „Molendum
698 968 827 1047 usque“
861 968 947 1032 veut·
958 966 979 1029 il
1014 965 1084 1032 dire
1116 965 1218 1048 qu'on
1244 966 1346 1031 moud
1370 982 1450 1031 sans
1474 965 1726 1047 interruption?

220 1052 311 1119 ›c’est
334 1053 591 1138 physiquement
608 1054 814 1137 impossible,
832 1071 886 1132 ou,
912 1055 940 1119 si
965 1055 994 1119 le
1018 1071 1096 1119 sens
1120 1057 1170 1120 est
1194 1053 1365 1138 elastique,
1389 1054 1470 1120 c’est
1493 1071 1573 1119 sans
1595 1053 1726 1119 inferet.

229 1141 369 1296 Fiantiild
387 1143 544 1209 entendre
586 1160 712 1232 „usque
751 1143 784 1207 in
820 1143 1014 1226 pistrino“?
1051 1141 1099 1211 Ce
1137 1143 1236 1209 serait
1273 1160 1422 1229 appuyer
1461 1161 1518 1208 sur
1556 1160 1623 1208 une
1651 1160 1727 1208 rare

231 1248 345 1314 paru
372 1248 400 1296 e.
426 1282 433 1297 .
460 1282 501 1296 ..

334 1318 373 1386 H.
413 1319 447 1384 in
481 1320 635 1394 eundem,
670 1337 769 1403 quem
793 1320 928 1403 saepius
960 1321 1205 1400 adnotavimus,
1233 1320 1348 1386 incidit
1372 1337 1524 1398 errorem,
1560 1321 1595 1384 ut
1629 1319 1724 1402 apud

226 1410 360 1491 poetam
384 1410 548 1474 comicum
573 1408 772 1474 artissimum
790 1409 1025 1475 sententiarum
1049 1427 1236 1476 connexum
1260 1413 1409 1492 quaerat.

337 1495 583 1575 „Molendumst
606 1497 639 1561 in
664 1497 824 1580 pistrino“
849 1500 934 1563 certe
959 1515 1055 1564 servo
1078 1498 1274 1582 gravissima
1304 1515 1413 1581 poena
1446 1500 1506 1574 est,
1543 1514 1642 1579 quam
1679 1497 1726 1561 ob

222 1603 296 1650 :rem
330 1585 439 1651 fusius
472 1591 504 1652 et
537 1586 620 1652 ultra
655 1586 791 1651 modum
827 1587 1016 1670 explicatur.
1065 1585 1256 1653 Secundum
1291 1587 1398 1671 legem
1430 1586 1573 1670 logicam
1597 1585 1727 1650 scilicet

234 1678 382 1756 „usque“
418 1675 451 1739 in
485 1676 586 1740 verba
621 1675 816 1754 „habendas
850 1677 1052 1758 compedes“
1088 1676 1205 1742 melius
1228 1676 1414 1758 quadraret.
1462 1673 1567 1742 flavet
1588 1691 1724 1742 versum

226 1765 292 1828 'bac
315 1762 421 1829 forma
445 1764 623 1830 constituta
646 1764 745 1848 legit:

291 1853 295 1860 “
359 1851 565 1933 Molendum,
589 1852 836 1936 vapulandum;
862 1853 1036 1918 habendae
1061 1871 1168 1936 usque
1192 1853 1225 1918 in
1249 1853 1387 1937 pistrino
1412 1851 1593 1936 compedes

337 1941 408 2006 Tali
443 1944 552 2008 autem
587 1942 688 2007 modo
719 1943 753 2006 in
782 1958 914 2006 versum
940 1943 1063 2024 optime
1087 1941 1241 2014 traditum
1265 1942 1376 2007 critica
1400 1942 1526 2007 ratione
1550 1956 1616 2005 non
1642 1941 1727 2022 puto

228 2047 307 2094 esse
339 2030 680 2110 animadvertendum,
716 2031 906 2114 praesertim
943 2049 1018 2095 cum
1053 2031 1208 2110 rationes,
1241 2048 1326 2113 quas
1360 2030 1399 2095 H.
1435 2031 1503 2096 vitii
1535 2028 1725 2112 explicandi

227 2136 334 2184 causa
368 2121 514 2202 praebet,
548 2120 682 2185 minime
715 2123 830 2184 natura
864 2120 971 2198 datae,
1007 2137 1116 2203 neque
1146 2121 1213 2185 ullo
1244 2120 1346 2185 modo
1381 2121 1451 2185 veri
1474 2118 1600 2184 similes
1623 2120 1724 2182 sunt:

234 2207 327 2272 lnitio
362 2225 494 2273 versum
534 2226 608 2274 esse
646 2209 819 2292 omissum,
859 2212 927 2273 turn
978 2207 1063 2274 falso
1113 2209 1186 2273 loco
1236 2208 1393 2273 insertum
1433 2211 1490 2273 aut
1528 2223 1657 2288 „usque
1691 2206 1725 2270 in

233 2296 393 2379 pistrino“
432 2297 605 2375 omissum,
641 2300 757 2380 postea
792 2296 876 2362 falso
925 2297 969 2362 ad
1017 2297 1253 2376 ‚,molendum“
1291 2298 1428 2362 relatum
1467 2313 1551 2375 esse,
1588 2311 1656 2360 non
1680 2294 1725 2359 ad

233 2385 427 2464 „habendas
472 2387 685 2469 compedes“
733 2386 824 2469 quod
871 2390 994 2450 rectum
1041 2387 1093 2451 sit.
1139 2386 1210 2451 Tali
1256 2386 1392 2464 ratione,
1440 2386 1573 2469 qualem
1619 2382 1727 2448 llavet

220 2474 425 2558 :saepissime
448 2474 593 2558 prolerre
616 2477 713 2553 amat,
738 2475 862 2541 scilicet
885 2476 997 2539 omnia
1022 2475 1184 2558 explicare
1208 2492 1399 2558 possumus.

936 2617 1013 2682 266.

477 2740 539 2806 llic
564 2742 597 2807 in
621 2741 761 2820 noxiast,
786 2741 839 2807 ille
862 2741 905 2807 ad
929 2740 1174 2807 defendendam
1198 2758 1334 2807 causam
1368 2742 1473 2808 adest.

341 2829 385 2894 lta
418 2831 551 2896 exhibet
586 2831 650 2896 cod
682 2830 719 2895 Α.
755 2829 850 2909 Quae
890 2830 986 2895 lectio
1010 2832 1127 2895 tradita
1150 2849 1226 2895 cum
1253 2832 1395 2896 metricis
1420 2831 1461 2896 de
1486 2830 1597 2895 causis
1619 2829 1725 2894 teneri

224 2937 297 2984 non
322 2920 438 3002 possit,
464 2918 622 2984 Dziatzko
647 2920 868 2984 coniecturam
894 2917 1034 2984 Palmeri
1061 2918 1087 3004 2)
1103 2920 1324 2998 ,‚dicendam“
1349 2939 1408 3003 pro
1433 2917 1725 2998 „delendendam“

220 3007 366 3090 accepit.
428 3006 505 3086 Quo
548 3009 624 3073 loco
662 3007 783 3073 llauler
810 3006 836 3093 ἑ’)
875 3008 1034 3090 optimam
1074 3009 1273 3074 emendandi
1311 3009 1397 3074 viam
1437 3009 1609 3093 ingressus
1647 3023 1725 3071 esse

220 3096 366 3162 videtur.
413 3094 498 3164 Cum
537 3095 649 3161 DFEP
683 3096 739 3182 (cf.
773 3100 805 3162 et
840 3095 1113 3162 Pseudo-Ascon.
1149 3098 1182 3163 in
1206 3095 1264 3165 Cic
1287 3097 1411 3163 Verrin.
1436 3116 1467 3180 p.
1492 3098 1558 3162 212
1581 3094 1665 3177 „llic
1690 3095 1725 3159 in

233 3202 319 3250 noxa
342 3188 402 3264 est,
427 3186 479 3251 lric
503 3186 545 3250 ad
570 3185 813 3251 defendendam
839 3203 974 3251 causam
999 3185 1130 3271 adest‘)
1155 3188 1286 3265 „noxa“
1318 3187 1508 3270 praebeant,
1534 3186 1589 3264 „in
1613 3187 1725 3249 noxa“

232 3274 374 3339 scribere
405 3278 556 3357 praestat.
617 3274 681 3340 Pro
716 3275 858 3354 „noxia“
894 3275 990 3339 facile
1024 3279 1154 3354 „noxa“
1191 3276 1269 3359 poni
1303 3276 1409 3358 potuit
1442 3278 1576 3358 propter
1598 3274 1664 3338 vim
1691 3275 1726 3337 et

126 3376 129 3383 ’
234 3364 426 3446 scripturam
452 3362 663 3427 simillimam.
725 3364 833 3428 Noxia
857 3366 888 3428 et
913 3381 999 3429 noxa
1022 3363 1186 3435 vocabula
1208 3365 1370 3429 sententia
1403 3364 1546 3429 maxime
1570 3363 1652 3427 inter
1686 3378 1726 3426 se

232 3452 408 3517 coniuncta
431 3469 506 3517 esse
529 3456 605 3535 apte
629 3453 775 3518 ostendit
800 3450 840 3518 O.
865 3453 979 3537 lleyus
1004 3450 1112 3535 (Stud.
1138 3470 1258 3518 semas.
1284 3457 1362 3518 sect.
1387 3451 1431 3538 p)
1471 3453 1725 3532 „noxia-noxa“

233 3541 265 3605 in
290 3541 375 3607 Nov.
399 3558 476 3606 ann.
500 3542 566 3607 vol.
590 3540 697 3607 XVlll.
723 3543 833 3624 suppl.
863 3542 957 3619 1892,
983 3560 1013 3624 p.
1043 3543 1113 3607 187.
1139 3542 1294 3627 Legimus
1318 3559 1419 3627 ergo:

491 3628 552 3694 Hic
576 3630 609 3695 in
635 3634 763 3709 noxast,
789 3630 841 3696 ille
865 3630 907 3696 ad
932 3630 1180 3696 defendundam
1198 3648 1334 3696 causam
1359 3631 1463 3696 adest.

343 3716 420 3796 Qua
457 3719 582 3784 ratione
615 3736 731 3784 versus
767 3719 959 3785 difficultate
984 3721 1117 3785 metrica
1141 3720 1295 3785 liberatur
1318 3723 1350 3785 et
1373 3720 1547 3785 lectionem
1571 3717 1725 3782 traditam

224 3807 378 3889 proxime
402 3808 559 3891 sequitur.
608 3805 867 3875 Coordinatione
892 3809 1031 3874 duarum
1056 3809 1317 3875 enuntiationum
1343 3827 1410 3874 non
1446 3807 1657 3884 offendimur,
1681 3805 1725 3870 ci.

231 3896 364 3962 Kilbner
391 3896 438 3975 ll.,
472 3915 503 3980 p.
529 3897 603 3962 756.
650 3896 774 3962 Tamen
800 3897 905 3962 flavet
943 3897 1115 3963 confirmat
1150 3898 1224 3977 „tric
1259 3899 1292 3963 in
1328 3896 1487 3983 noxii)ast
1522 3895 1639 3962 n’oifre
1662 3912 1727 3977 pas

341 4037 360 4099 ¹)
388 4036 437 4091 Ex.
465 4036 530 4092 Ter.
555 4037 773 4104 consuetudine,
802 4050 859 4105 qua
887 4038 1005 4091 verbum
1031 4036 1166 4093 auxiliare
1193 4053 1257 4093 cum
1285 4038 1377 4107 primo
1396 4039 1524 4093 membro
1543 4036 1726 4091 coniunctum

231 4107 315 4164 etiam
336 4108 413 4176 apud
431 4107 593 4176 posteriora
612 4107 755 4177 repetitur,
775 4123 831 4163 non
851 4107 906 4163 dici
926 4107 991 4164 licet
1011 4111 1233 4173 ,molendumst“
1254 4112 1356 4164 solum.
1376 4107 1469 4177 (Conf.
1488 4108 1541 4163 rtd.
1570 4108 1641 4162 425:
1669 4108 1726 4161 hoe

230 4181 373 4247 salsumst‚
393 4180 447 4235 boc
467 4180 637 4246 adustumst,
655 4180 710 4233 lroc
729 4182 863 4234 lautumst
882 4194 1000 4247 parum;
1019 4179 1071 4234 Ad.
1089 4182 1160 4234 474:
1191 4180 1353 4249 ignotumst,
1372 4181 1522 4247 tacitumst,
1550 4177 1725 4245 creditumst,

230 4252 310 4321 iurgu
329 4264 364 4305 ex
382 4264 435 4318 θος
466 4250 535 4310 llec.
563 4250 634 4305 202:
653 4250 726 4305 Viris
754 4264 819 4306 esse
847 4252 986 4306 advorsas
1014 4266 1106 4320 aeque
1125 4252 1285 4318 studiumst,
1305 4251 1405 4306 similis
1424 4249 1627 4320 pertinaciast.)
1662 4248 1726 4304 Alia

231 4338 265 4377 ex
293 4326 372 4391 parte
400 4322 427 4376 in
458 4321 535 4377 brevi
554 4324 640 4390 atque
658 4322 761 4391 vigenti
780 4322 961 4377 describendi
989 4322 1096 4377 ratione
1115 4325 1218 4392 copula
1239 4326 1337 4389 ,esse“
1358 4323 1466 4378 omissa
1484 4325 1569 4391 plane
1586 4324 1654 4389 apte
1680 4323 1726 4376 est

229 4393 276 4460 (cf.
295 4409 320 4447 v.
338 4394 391 4449 80:
419 4392 524 4448 Noster
542 4393 607 4447 mali
636 4393 673 4447 nil
693 4392 843 4462 quicquam
864 4392 975 4462 primol,
995 4393 1158 4461 particulam
1177 4397 1271 4449 autem
1294 4396 1429 4463 ,usque“,
1448 4407 1522 4463 quae
1541 4406 1724 4462 nequaquam

232 4464 270 4519 ita
287 4463 488 4533 frequentatur,
508 4464 642 4519 insertam
662 4478 728 4522 esse
749 4464 862 4522 minime
880 4464 938 4520 veri
958 4465 1050 4520 simile
1069 4468 1120 4521 est.
1139 4463 1185 4534 (cf.
1205 4465 1310 4521 Hauler
1327 4481 1354 4534 p.
1374 4465 1446 4535 201).

338 4570 359 4639 2)
379 4569 490 4627 Gruteri
509 4570 556 4625 fax
575 4571 669 4626 critica
688 4570 732 4625 lV.
751 4586 778 4639 p.
797 4571 867 4626 851:

300 4642 352 4698 llic
370 4641 397 4696 in
419 4642 504 4697 noxia
523 4645 574 4708 est,
594 4642 640 4698 ille
658 4643 695 4697 ad
714 4642 864 4697 dicendam
883 4657 999 4697 causam
1018 4644 1116 4698 adest:

300 4712 347 4770 Sic
365 4710 440 4769 enim
459 4714 658 4770 scribendum:
679 4712 785 4782 quippe
804 4715 841 4771 de
865 4713 970 4769 iudicio
989 4713 1113 4782 loquitur
1131 4715 1159 4769 et
1177 4728 1282 4768 causae
1301 4712 1431 4768 dictione.

337 4782 359 4854 8)
379 4784 490 4852 Hauler,
518 4800 545 4853 p.
573 4784 626 4841 200
652 4785 689 4839 ad
718 4786 744 4839 h.
772 4800 814 4839 v.:
852 4784 896 4839 lctr
924 4785 1036 4840 bebalte
1063 4784 1152 4840 lieber
1182 4783 1229 4839 die
1248 4783 1481 4853 Ueberlieferung
1500 4783 1545 4839 bei
1565 4785 1622 4839 und
1642 4782 1724 4839 ziebe

231 4854 330 4923 ferner,
348 4858 385 4911 da
403 4857 453 4919 ille
471 4856 515 4911 als
533 4856 627 4912 brevis
646 4855 785 4922 brevians,
804 4854 858 4911 wie
876 4870 908 4911 es
927 4855 1044 4924 scheint,
1058 4855 1107 4911 mit
1120 4854 1208 4914 Reclrt
1226 4854 1382 4911 bezweifelt
1400 4854 1480 4922 wird,
1498 4855 1546 4911 die
1563 4853 1723 4910 Aufnahnre

232 4942 285 4983 von
304 4942 379 4983 noxa
397 4932 448 4985 der
467 4927 622 4997 Konjektur
634 4925 790 4983 Palmerius
809 4941 867 4982 vor.

75 5289 273 5383 A
