3784 5550
888 441 1063 508 ,10-

225 619 353 686 etiamsi
377 618 418 684 H.
441 622 534 704 putat
550 619 668 703 puellis
682 619 934 705 virginibusque
949 617 1198 686 Atheniensium
1215 620 1304 686 aliud
1322 620 1504 703 periculum
1530 620 1725 685 cavendum

223 707 327 774 fuisse
360 710 459 792 atque
495 708 658 774 morbum.
706 705 833 774 Omnes
868 708 1003 774 codices
1037 708 1194 774 exhibent
1216 709 1425 788 ,‚morbum“‚
1460 725 1546 792 quae
1579 726 1646 775 vox
1680 727 1729 775 eo

223 798 331 883 magis
366 797 556 881 recipienda
591 801 652 877 est,
688 797 778 880 quod
814 797 879 863 iarn
917 792 987 863 Cic.
1015 795 1040 880 ¹)
1062 799 1167 863 aetate
1191 798 1236 863 ita
1260 797 1439 883 legebatur.
1486 795 1546 865 Sin
1571 797 1611 864 H.
1637 815 1728 863 suae

224 887 434 952 coniecturae
466 886 590 970 profert
622 888 854 952 testamentum
889 884 1019 951 Molieri
1043 882 1190 952 fabulam
1216 886 1268 967 „le
1291 887 1423 970 capin“‚
1459 885 1540 951 nihil
1563 885 1653 952 valet
1676 887 1725 952 ad

223 979 371 1041 nostrum
388 975 509 1055 locum,
525 993 600 1041 cum
618 975 671 1041 ille
695 978 794 1058 poeta
817 975 888 1040 sine
911 974 1016 1040 dubio
1032 975 1074 1041 de
1092 973 1249 1041 Parisinis
1266 993 1375 1058 neque
1391 975 1434 1041 de
1460 973 1728 1042 Atheniensibus

222 1063 324 1130 rebus
341 1065 542 1150 cogitaverit.

930 1187 1008 1254 246.

293 1329 402 1398 Ouam
426 1331 470 1397 ob
495 1348 562 1396 rem
588 1331 708 1410 omnis,
732 1348 835 1414 quom
860 1330 1028 1406 secundae
1051 1347 1105 1395 res
1128 1333 1205 1396 sunt
1229 1322 1392 1409 maxume,
1415 1332 1484 1396 tum
1509 1349 1669 1398 maxume

291 1419 444 1486 Meditari
469 1437 582 1486 secum
606 1424 744 1504 oportet,
768 1437 837 1503 quo
861 1422 958 1502 pacto
981 1419 1158 1485 advorsam
1183 1436 1375 1485 aerumnam
1398 1418 1516 1496 terant,
1553 1418 1593 1506 (z)

293 1507 418 1574 Pericla
440 1509 563 1574 damna
586 1509 719 1575 exsilia:
747 1525 882 1594 peregre
906 1508 1038 1573 rediens
1069 1525 1201 1590 semper
1222 1508 1344 1593 cogitet

292 1596 357 1663 Aut
376 1597 423 1663 fili
446 1601 618 1681 peccatum
642 1601 699 1664 aul
722 1599 835 1663 uxoris
859 1602 997 1663 mortem
1021 1598 1077 1662 aut
1101 1597 1253 1662 morbum
1285 1596 1384 1676 filiae,

293 1683 493 1754 Communia
516 1704 590 1753 esse
614 1689 706 1766 haec,
730 1687 801 1753 fieri
825 1703 937 1771 posse,
963 1688 998 1751 ut
1021 1704 1062 1752 ne
1086 1687 1166 1769 quid
1190 1687 1302 1751 animo
1326 1686 1368 1751 sit
1397 1703 1519 1751 novom
1532 1707 1541 1766 ;

220 1775 287 1842 246
303 1774 475 1859 Quidquid
499 1780 626 1859 praeter
649 1793 742 1859 spem
767 1776 904 1853 eveniet,
929 1792 1028 1840 omne
1051 1775 1085 1841 fd
1109 1775 1267 1858 deputare
1291 1792 1367 1840 esse
1389 1775 1422 1839 in
1447 1775 1549 1841 luem.

220 1865 287 1930 250
331 1915 561 1930 .....
593 1867 709 1931 horum
727 1862 778 1930 ¹nil
802 1865 981 1947 quicquam
1005 1864 1132 1929 accidet
1155 1864 1266 1929 animo
1291 1881 1412 1930 novom

289 1951 464 2037 Quidquid
488 1956 616 2038 praeter
639 1971 733 2038 spem
759 1954 895 2032 eveniet,
920 1970 1019 2018 omne
1043 1953 1075 2019 id
1099 1953 1267 2035 deputabo
1291 1970 1365 2018 esse
1398 1952 1431 2017 in
1454 1953 1555 2018 lucro.

328 2058 429 2140 Quod
475 2061 617 2144 primum
652 2061 695 2127 ad
730 2059 1027 2143 interpunctionem
1064 2059 1182 2124 horum
1226 2076 1382 2125 versuum
1426 2061 1573 2142 pertinet,
1599 2077 1722 2127 omnes

221 2148 288 2214 fere
328 2151 471 2216 editores
506 2149 597 2216 aliter
635 2150 914 2232 interpunxerunt.
962 2148 1001 2212 H.
1045 2148 1246 2231 quibusdam
1282 2149 1417 2214 omissis
1461 2148 1719 2233 Umpfenbachii

221 2237 417 2321 scripturam
448 2240 605 2322 sequitur.
622 2236 694 2303 Alia
718 2239 843 2303 ratione
868 2237 967 2302 utitur
989 2234 1159 2315 Dziatzlm,
1184 2237 1249 2302 alia
1274 2237 1472 2316 Fleckeisen,
1495 2239 1559 2303 alia
1584 2237 1720 2318 Hauler,

221 2344 243 2392 a
269 2329 365 2393 cuius
387 2327 649 2411 interpunctione
674 2327 814 2392 maxime
839 2325 879 2392 H.
904 2326 1067 2392 abhorret.
1104 2325 1139 2390 ln
1163 2346 1193 2392 v.
1217 2326 1282 2391 242
1307 2328 1383 2408 post
1405 2327 1541 2393 verbum
1567 2326 1719 2406 ,‚ferant“

221 2414 261 2481 H.
286 2434 362 2481 curn
387 2415 498 2499 Umpf.
516 2419 674 2499 punctum
699 2417 801 2498 ponit,
827 2414 949 2480 Hauler
971 2421 1134 2482 commate
1152 2415 1362 2500 interpungit,
1388 2416 1487 2481 itaet
1512 2416 1717 2483 fleckeisen.

221 2504 293 2591 Ego
317 2506 451 2589 quidem
477 2506 661 2571 secundum
688 2504 866 2571 Haulerum
891 2521 1023 2570 comma
1047 2505 1097 2569 vel
1120 2505 1218 2570 colon
1249 2521 1373 2586 ponere
1396 2505 1505 2584 velirn,
1529 2522 1604 2570 curn
1630 2506 1714 2571 mihi

219 2595 470 2661 accomodatius
503 2595 632 2661 videtur
666 2594 795 2660 obiecta
830 2591 984 2677 „pericla
1019 2594 1152 2670 damna,
1188 2593 1336 2671 exsilia‚“
1361 2611 1447 2677 quae
1476 2599 1715 2673 „aerumnam“

220 2686 406 2751 accuratius
440 2683 614 2767 explicant,
651 2683 693 2747 ad
727 2683 883 2763 „omnis“
916 2682 1056 2761 referre;
1093 2687 1170 2764 post
1201 2682 1348 2762 „ferant‘
1396 2686 1507 2749 autem
1551 2687 1713 2767 punctum

223 2791 348 2857 ponere
382 2773 604 2840 necessarium
641 2790 707 2839 non
743 2775 833 2855 put0‚
870 2790 946 2837 curn
981 2772 1189 2856 participium
1225 2772 1401 2851 „rediens“
1425 2790 1485 2855 pro
1509 2772 1719 2841 substantivo

222 2866 415 2946 usurpatum
453 2880 515 2928 nos
552 2862 721 2928 offendere
757 2879 824 2927 non
856 2862 986 2941 debeat,
1021 2864 1055 2926 ut
1092 2861 1214 2927 Hauler
1249 2862 1394 2928 ostendit
1429 2863 1462 2927 in
1499 2863 1551 2927 ed.
1586 2879 1648 2928 sua
1670 2864 1717 2928 ad

222 2949 353 3017 Phorm.
377 2969 510 3017 versum
547 2952 601 3016 24.
648 2948 753 3017 Simili
779 2952 880 3016 modo
915 2950 1088 3016 Terentius
1112 2949 1283 3033 participia
1319 2968 1419 3034 saepe
1453 2951 1615 3017 adhibuit.
1662 2947 1715 3018 Cf.

222 3038 355 3106 Phorm.
380 3040 466 3106 756:
483 3058 551 3123 quo
566 3040 667 3105 modo
683 3040 768 3105 hanc
791 3056 909 3105 amans
932 3040 1054 3105 habere
1072 3043 1206 3121 posset;
1231 3038 1330 3104 Andr.
1356 3040 1418 3106 lh:
1444 3038 1510 3107 Sed
1535 3044 1715 3124 postquam

220 3146 337 3195 amans
371 3129 512 3195 accessit
545 3129 684 3212 pretium
709 3129 891 3211 pollicens;
915 3127 1016 3194 Andr.
1041 3128 1127 3194 218:
1173 3128 1260 3194 Nam
1284 3129 1427 3212 inceptio
1451 3131 1501 3195 est
1523 3130 1718 3209 amentium,

222 3219 311 3283 haud
336 3219 536 3297 amantium;
560 3216 661 3283 Andr.
685 3219 772 3284 555:
795 3217 983 3283 Amantium
1008 3218 1074 3283 irae
1097 3218 1221 3283 amoris
1245 3219 1459 3303 integratiost.
1666 3236 1667 3239 ’

329 3321 459 3390 Deinde
483 3343 558 3390 curn
582 3324 786 3391 enuntiatum
811 3324 910 3390 finale
936 3327 1058 3405 „utne
1082 3325 1162 3406 quid
1197 3325 1309 3390 animo
1332 3325 1374 3389 sit
1398 3327 1542 3390 n0v0m“
1567 3342 1589 3390 a
1610 3324 1718 3391 verbo

222 3414 386 3498 „cogitet‘
411 3414 444 3478 in
475 3431 573 3480 versu
587 3414 653 3480 243
670 3414 822 3497 pendeat,
840 3416 916 3496 post
928 3431 1045 3480 vocem
1064 3413 1193 3494 ‚‚liliae“
1211 3414 1290 3479 nihil
1309 3414 1371 3478 nisi
1389 3430 1521 3479 comma
1538 3430 1714 3496 ponemus.

327 3519 430 3585 Versu
464 3519 530 3585 246
566 3520 676 3585 multis
711 3520 753 3585 de
786 3522 896 3586 causis
932 3520 971 3585 H.
1008 3519 1196 3586 offenditur.
1253 3518 1351 3589 Recte
1385 3520 1520 3604 quidem
1558 3518 1598 3584 H.
1634 3517 1718 3586 vidit

223 3608 420 3675 infinitivum
445 3626 583 3674 necesse
607 3627 681 3675 esse
718 3610 863 3675 averbo
895 3609 989 3674 finito
1014 3612 1184 3693 „oportet‘
1220 3610 1374 3693 pendere.
1420 3607 1496 3687 Qua
1518 3625 1553 3674 re
1575 3609 1718 3691 probata

220 3716 294 3763 cum
320 3698 348 3761 is
372 3697 553 3763 infinitivus
576 3715 651 3763 cum
677 3696 732 3763 inf.
760 3699 950 3777 „meditarl“
978 3698 1096 3781 pariter
1119 3698 1349 3783 coniungatur,
1375 3697 1414 3763 H.
1453 3700 1515 3763 hoc
1539 3697 1610 3764 fieri
1645 3715 1715 3763 non

222 3804 322 3870 posse
345 3790 443 3864 ratus,
468 3786 559 3868 prius
576 3787 609 3852 id
632 3786 797 3871 cogitavit,
814 3792 850 3854 ut
873 3788 906 3852 ln
931 3787 994 3853 hoc
1010 3805 1107 3853 versu
1128 3788 1295 3866 „eveniat“
1315 3806 1389 3852 curn
1414 3787 1516 3852 verbo
1543 3786 1711 3866 „eveniet‘

222 3878 253 3942 et
279 3875 474 3958 „deputare“
500 3875 602 3941 verbo
629 3876 836 3955 „debutabo“
863 3880 1011 3941 mutaret.
1049 3875 1169 3942 Postea
1191 3879 1300 3941 aulem
1324 3879 1428 3942 totum
1452 3893 1583 3942 versum
1608 3875 1716 3941 eicere

221 3965 336 4031 maluit
359 3964 421 4029 hoc
445 3968 641 4048 argumento
666 3965 811 4047 prolato:
860 3964 902 4030 Le
925 3982 1001 4031 vers
1024 3966 1090 4031 246
1123 3983 1163 4031 ne
1187 3965 1293 4031 serta
1317 3967 1385 4031 rien
1398 3966 1492 4030 ‘dans
1517 3965 1546 4031 la
1582 3965 1716 4030 bouche

220 4055 266 4119 du
289 4053 457 4133 vieillard;
482 4053 503 4118 il
526 4053 596 4138 jure
622 4054 727 4119 meme
743 4070 823 4119 avec
848 4054 876 4119 le
901 4057 985 4119 reste
1008 4055 1050 4120 de
1074 4072 1129 4119 ses
1153 4056 1293 4137 paroles,
1317 4072 1372 4120 car
1394 4054 1415 4119 il
1441 4071 1482 4120 ne
1506 4053 1713 4136 correspond

221 4159 282 4227 pas
315 4159 358 4207 au
396 4140 502 4207 meme
537 4140 602 4207 etat
636 4140 753 4208 d’aime.
802 4142 844 4207 Le
877 4142 1024 4209 vieillard
1047 4144 1130 4210 n'est
1155 4143 1292 4226 capable
1316 4162 1357 4209 en
1381 4160 1419 4209 ce
1443 4145 1590 4209 moment
1614 4142 1647 4207 ni
1670 4142 1716 4206 de

221 4230 430 4315 plaisanterfe
465 4230 497 4297 ni
531 4230 638 4297 meme
673 4230 927 4317 d'enjouement.
975 4231 1083 4310 Quam
1106 4233 1423 4318 argumentationem
1449 4231 1488 4297 H.
1513 4230 1714 4315 sequinon

221 4337 371 4404 possum.
395 4320 479 4385 Nam
499 4319 577 4385 mihi
594 4320 647 4385 ille
665 4337 782 4386 versus
799 4338 877 4399 non,
903 4323 937 4387 ut
962 4320 1001 4386 H.
1025 4322 1207 4400 arbitratur,
1232 4339 1252 4387 a
1277 4323 1394 4387 ceteris
1417 4322 1514 4403 plane
1536 4320 1715 4386 abhorrere

220 4410 368 4489 videtur3
394 4410 475 4475 haec
500 4408 585 4475 enim
611 4408 712 4475 verba
735 4409 826 4475 senis
850 4410 914 4475 iarn
940 4409 973 4475 in
998 4411 1187 4477 universum
1213 4413 1362 4493 spectant
1385 4414 1416 4476 et
1439 4426 1556 4476 versus
1579 4410 1647 4475 246
1669 4408 1712 4473 ad

221 4498 471 4582 praecedentem
507 4498 701 4563 seutentiam
738 4498 933 4581 explendam
963 4499 1060 4565 etiam
1086 4500 1293 4565 necessarius
1317 4500 1396 4565 mihi
1419 4498 1556 4564 videtur.
1604 4494 1714 4564 Senex

220 4587 298 4654 dicit
322 4587 433 4653 omnia
450 4587 536 4653 mala
550 4586 740 4653 communia
754 4602 828 4653 esse
845 4590 876 4653 et
891 4586 961 4653 fieri
978 4604 1078 4671 posse
1093 4608 1100 4668 ;
1125 4589 1250 4654 homini
1268 4590 1379 4654 omnia
1406 4588 1492 4653 mala
1509 4586 1716 4670 expectanda

220 4693 305 4754 esse,
332 4692 394 4757 „ne
418 4675 498 4759 quid
513 4674 625 4742 animo
648 4674 690 4741 sit
707 4678 861 4757 novoml,
886 4677 936 4741 sin
956 4679 1070 4742 contra
1094 4677 1285 4760 opinionem
1304 4677 1384 4760 quid
1407 4676 1562 4742 acciderit
1586 4676 1712 4741 bonum

221 4765 283 4832 hoc
322 4765 351 4831 ei
391 4765 423 4830 in
470 4764 560 4831 lucro
597 4780 679 4833 esse.
708 4762 772 4830 Ubi
813 4764 864 4831 hic
904 4762 943 4833 H.
967 4764 1101 4832 facetias
1137 4766 1344 4849 quaesiverit,
1383 4765 1506 4831 nescio.
1545 4762 1716 4830 Sententia

221 4892 247 4899 ““
292 4894 349 4987 “sl
386 4892 444 4979 cre.
462 4921 548 4979 ruse.
569 4920 608 4991 ur,
628 4922 671 4977 ao.
