3784 5550
744 425 750 436 '
837 413 1013 479 -ll-

179 590 281 656 huius
301 607 419 656 versus
434 591 532 674 plane
548 589 582 655 in
598 590 699 656 totius
714 589 878 656 sermonis
894 589 1164 656 deliberationem
1182 591 1343 674 quadrare
1360 591 1493 674 iamque
1510 591 1678 675 complere

179 678 259 744 mihi
294 678 424 745 videtur
457 695 564 762 neque
600 678 793 746 referendus
827 682 877 744 est
911 679 954 745 ad
988 678 1179 764 gravitatem
1212 683 1244 745 et
1267 679 1473 746 severitatem
1506 681 1675 746 orationis.

178 765 256 846 Qua
289 767 506 851 explicatione
542 768 680 851 probata
715 783 847 834 versum
884 768 944 833 eici
978 785 1046 834 non
1079 770 1219 851 oportet.
1276 765 1342 835 Sed
1381 769 1486 834 eade
1509 785 1611 834 causa
1635 769 1675 836 H.

178 855 279 922 talem
303 857 504 923 emendandi
520 856 680 923 rationem
694 856 874 933 instituisse
890 856 1029 935 videtur,
1046 857 1138 940 quod
1161 857 1226 922 iam
1243 874 1344 940 supra
1360 858 1674 937 demonstravimus,

178 949 215 1010 ut
240 948 339 1028 poeta
363 945 603 1028 perfectissima
625 945 860 1012 sententiarum
884 961 1056 1011 connexus
1079 949 1148 1012 arte
1175 949 1292 1026 utatur,
1316 963 1392 1012 eum
1417 946 1593 1030 postulare.

90 1095 91 1104 ,
290 1031 651 1102 Commemorationem
677 1033 866 1117 inopinatae
891 1035 936 1099 rei
960 1034 993 1100 in
1014 1054 1045 1100 v.
1063 1035 1130 1101 239
1145 1033 1288 1119 (praeter
1311 1033 1421 1122 spem)
1445 1035 1550 1101 iterari
1575 1038 1676 1118 atque

89 1119 92 1188 Τ
176 1122 223 1188 ad
248 1121 349 1188 iinem
375 1123 510 1206 perduci
534 1123 699 1189 vocabulo
725 1127 887 1201 ,novom“
914 1124 946 1189 in
968 1143 999 1189 v.
1022 1124 1110 1190 245:
1134 1123 1164 1189 le
1188 1125 1344 1208 cycle0de
1367 1141 1406 1189 sa
1428 1122 1586 1190 reflexion
1624 1127 1675 1190 est

89 1227 90 1230 ’
176 1211 270 1276 donc
294 1211 443 1291 termine,
467 1212 509 1277 de
533 1215 621 1278 sorte
645 1228 710 1295 que
734 1212 817 1278 lev.
841 1212 907 1278 246
931 1213 1030 1278 serait
1058 1213 1236 1296 cinquant,
1260 1213 1368 1278 meme
1392 1213 1442 1278 s'il
1466 1213 1579 1279 n'etait
1612 1230 1675 1296 pas

175 1299 349 1383 disparate
372 1318 452 1367 avec
477 1301 506 1366 le
529 1303 625 1379 reste,
650 1318 709 1384 par
732 1302 762 1366 le
785 1301 855 1367 seul
879 1300 937 1366 iait
961 1301 1040 1384 qu'il
1071 1300 1176 1367 forme
1202 1300 1413 1386 ,rallonge“!

286 1389 446 1455 Videmus
469 1393 626 1473 quantam
649 1390 716 1455 vim
742 1392 773 1454 et
797 1388 987 1455 violentiam
1013 1390 1074 1456 viri
1096 1390 1196 1467 docti,
1221 1390 1277 1473 qui
1313 1390 1389 1456 huic
1424 1390 1536 1457 studio
1572 1390 1674 1455 inter-

174 1478 328 1560 pretandi
353 1477 474 1556 favent,
498 1477 531 1544 in
555 1477 808 1545 difficultatibus
832 1478 952 1544 criticis
976 1480 1008 1544 et
1036 1479 1215 1563 exegeticis
1238 1478 1372 1545 arbitrio
1395 1497 1458 1548 suo
1481 1479 1671 1545 adhibeant.

175 1564 371 1633 Omissione
405 1587 435 1633 v.
469 1567 534 1633 246
568 1570 689 1645 autem,
725 1567 854 1650 opinor,
887 1567 1035 1650 parodia,
1053 1642 1056 1647 ,
1074 1571 1109 1633 ut
1132 1569 1176 1632 ita
1199 1567 1319 1646 dicam,
1343 1585 1410 1652 qua
1433 1585 1549 1635 servus
1571 1568 1673 1634 verba

174 1656 270 1721 senis
304 1656 415 1722 irridet
449 1659 548 1739 atque
583 1656 697 1734 illudit,
734 1656 876 1721 maxime
914 1656 1064 1722 imminui
1093 1657 1230 1723 videtur.
1278 1656 1364 1722 Nam
1388 1657 1468 1723 illud
1493 1658 1613 1740 ipsum,
1637 1660 1674 1722 ut

172 1761 292 1810 servus
315 1743 408 1810 initio
417 1745 549 1831 singula
560 1745 725 1828 quaedam
740 1745 831 1810 senis
846 1746 947 1811 verba
964 1745 997 1810 in
1013 1763 1076 1811 suo
1089 1763 1243 1811 sermone
1256 1750 1390 1828 repetat,
1403 1745 1549 1829 denique
1560 1750 1669 1812 autem

174 1833 299 1898 eodem
332 1851 429 1900 versu
465 1837 582 1912 utatur,
618 1851 686 1916 quo
720 1850 823 1899 senex
858 1835 991 1900 dicendi
1021 1834 1122 1900 iinem
1146 1834 1232 1913 iecit,
1256 1838 1360 1899 totum
1386 1835 1568 1900 maximum
1591 1835 1670 1900 mihi

174 1920 332 1987 ellectum
357 1926 388 1988 et
410 1922 476 1989 vim
501 1926 668 2007 praestare
694 1923 831 1988 videtur.

233 2100 255 2166 d
285 2009 385 2089 Quod
421 2012 464 2077 ad
513 2013 621 2077 locum
671 2008 842 2078 Ciceronis
879 2009 991 2095 (Tusc.
1030 2010 1080 2077 lll.
1103 2010 1161 2096 30)
1186 2011 1334 2094 pertinet,
1374 2012 1431 2095 qui
1455 2011 1531 2078 illos
1553 2028 1672 2078 versus

173 2101 309 2166 lauat:

244 2202 445 2272 Communia
468 2223 543 2272 esse
567 2207 648 2272 haec
672 2224 714 2273 ne
738 2207 817 2290 quid
842 2207 959 2272 horum
985 2224 1143 2290 umquam
1166 2207 1295 2272 accidat
1317 2207 1430 2272 animo
1454 2225 1600 2286 novum;

244 2293 413 2378 Quicquid
470 2297 598 2378 praeter
637 2312 730 2378 spem
782 2291 920 2372 eveniat,
977 2313 1075 2362 omne
1115 2295 1147 2361 id
1187 2296 1346 2379 deputare
1384 2313 1458 2361 esse
1497 2297 1530 2361 in
1569 2297 1671 2374 lucre,

176 2383 244 2448 iam
275 2382 315 2448 H.
344 2387 430 2450 recte
454 2384 610 2450 intellexit
633 2402 749 2450 versus
772 2385 838 2450 245
861 2388 892 2452 et
914 2385 982 2451 250
1003 2386 1037 2450 in
1076 2402 1177 2450 unum
1203 2387 1388 2451 contractos
1411 2402 1496 2464 esse,
1521 2384 1555 2451 id
1578 2385 1670 2468 quod

172 2473 273 2538 etiam
289 2470 439 2539 Schmidt
461 2473 493 2539 in
519 2473 629 2539 Herm.
653 2474 717 2539 vol.
741 2473 820 2553 Vlll,
845 2492 876 2557 p.
899 2475 967 2540 284
990 2491 1084 2558 seqq.
1108 2474 1233 2558 attigit:

172 2562 243 2626 245
266 2563 529 2627 communia
564 2579 671 2628 esse
710 2564 832 2641 haec,
856 2562 926 2628 fieri
951 2580 1061 2645 posse,
1086 2568 1185 2627 utne
1210 2561 1290 2645 quid
1324 2562 1437 2627 animo
1461 2562 1503 2626 sit
1525 2578 1647 2627 novom

173 2649 244 2716 250
257 2647 354 2733 Opus
367 2651 431 2716 ruri
446 2649 657 2717 faciundum:
683 2652 819 2717 horum
846 2651 897 2716 nil
922 2651 1133 2735 quicquam
1163 2650 1323 2716 accidet
1345 2651 1490 2715 animo
1515 2667 1668 2716 novom.

287 2737 330 2806 Ut
364 2740 535 2820 rationem,
568 2758 635 2824 qua
662 2758 779 2808 versus
812 2741 878 2807 246
913 2742 1005 2806 ortus
1036 2740 1089 2820 sit,
1112 2739 1261 2824 explicet,
1287 2738 1326 2804 H.
1351 2739 1449 2805 simili
1473 2737 1671 2806 confusione

171 2828 317 2894 scribam
349 2833 552 2895 commotum
586 2847 670 2909 esse,
696 2835 730 2896 ut
753 2847 884 2897 versum
921 2830 987 2895 245
1011 2847 1108 2896 versu
1131 2831 1190 2895 251
1221 2828 1667 2913 continuaret-probabilem

174 2916 267 2983 tacit.
313 2915 409 2997 Quae
432 2918 614 3001 quominus
636 2919 727 2997 iiant,
752 2920 832 2984 nihil
857 2919 1004 3003 impedit.
1051 2917 1117 2986 Sed
1142 2919 1277 2984 minime
1300 2918 1367 2984 veri
1391 2918 1508 2983 similis
1532 2921 1583 2983 est
1597 2918 1673 2983 talis

174 3024 277 3085 error,
301 3007 394 3089 quod
417 3007 526 3073 scriba
550 3025 617 3073 una
639 3025 771 3073 versum
809 3010 1013 3075 mutavisset.
1060 3005 1211 3075 Ceterum
1236 3007 1315 3073 mihi
1339 3007 1419 3072 illud
1443 3024 1580 3090 quoque
1602 3024 1669 3072 non

174 3096 452 3179 praetereundum
487 3099 546 3176 est,
582 3097 636 3162 vix
669 3098 824 3179 cuiquam
860 3097 1017 3162 credibile
1050 3115 1124 3163 esse
1155 3098 1243 3162 hunc
1267 3113 1409 3161 errorem
1435 3113 1477 3161 ex
1498 3091 1673 3162 Ciceronis

172 3184 376 3251 Tusculanis
401 3185 483 3251 solis
506 3185 539 3250 in
564 3202 681 3251 omnes
703 3185 846 3251 Terentii
869 3185 1056 3251 tabularum
1081 3187 1215 3251 codices
1251 3185 1433 3268 irrepsisse.

883 3328 960 3394 249.

284 3468 420 3552 Propter
444 3468 603 3535 omissam
628 3470 758 3536 solitam
784 3488 955 3536 caesuram
981 3470 1080 3536 Barth
1110 3468 1133 3555 ¹)
1157 3488 1231 3535 cum
1257 3470 1372 3535 codice
1398 3490 1418 3555 γ
1452 3469 1547 3554 legit:

282 3557 477 3624 Molendum
502 3576 609 3642 usque
634 3560 666 3624 in
691 3559 829 3643 pistrino
854 3561 912 3625 erit
935 3559 1132 3643 plorandum
1158 3558 1332 3624 habendae
1356 3559 1547 3641 compedes.

287 3645 444 3712 Dziatzlro
468 3647 599 3713 scribit:

284 3736 522 3815 Molendumst,
546 3736 771 3819 vapulandum
797 3736 831 3800 in
856 3736 1004 3819 pistrino,
1030 3753 1136 3819 usque
1160 3736 1334 3801 habendae
1358 3736 1550 3818 compedes.

285 3824 319 3890 ln
344 3826 459 3891 codice
484 3825 599 3891 Bemb.
625 3825 706 3890 haec
730 3825 826 3891 lectio
850 3826 1040 3891 exhibetur:

337 3930 530 3997 Molendum
556 3949 630 3998 esse
647 3932 680 3996 in
696 3931 842 4015 'pistrino
869 3931 1093 4014 vapulandum
1119 3931 1294 3998 habendae
1317 3931 1508 4014 compedes.

285 4016 352 4086 Sed
377 4020 485 4086 Kauer
509 4037 609 4104 supra
633 4038 707 4087 esse
730 4021 959 4086 animadvertit
985 4023 1144 4104 ,usque“,
1170 4038 1270 4104 quam
1294 4038 1410 4087 vocem
1436 4020 1534 4086 etiam
1575 4018 1668 4085 Mon.

183 4108 330 4195 praebet.
355 4107 455 4188 Quod
477 4110 614 4176 verbum
630 4108 740 4192 Umpi.
766 4128 841 4175 cum
867 4108 1011 4175 Haulero
1034 4110 1166 4192 recepit,
1191 4110 1248 4193 qui
1270 4110 1330 4177 viri
1354 4109 1443 4175 docti
1467 4109 1512 4174 ita
1535 4109 1672 4194 legunt:

317 4198 512 4264 Molendum
539 4216 645 4281 usque
668 4199 701 4263 in
725 4198 874 4282 pistrino,
897 4199 1135 4282 vapulandum,
1160 4199 1334 4264 habendae
1357 4198 1548 4281 compedes.

286 4285 384 4356 Recte
407 4287 544 4353 adnotat
568 4287 690 4354 Havet:
717 4287 760 4354 La
784 4290 878 4370 lecon
903 4288 922 4353 a
945 4288 1064 4354 retenir
1087 4291 1137 4353 est
1168 4287 1402 4353 certainement
1426 4288 1588 4369 „usque“,
1612 4286 1671 4368 qui

176 4394 219 4442 ne
243 4379 324 4460 peut
347 4377 413 4442 etre
436 4374 576 4441 attribue
605 4377 638 4442 ni
662 4376 682 4441 a
706 4396 750 4442 un
774 4378 889 4461 lapsus
913 4378 956 4443 de
978 4377 1115 4460 copiste,
1139 4377 1183 4457 ni,
1208 4376 1415 4453 semble-t-il,
1440 4376 1459 4440 ai
1483 4392 1548 4441 une
1571 4375 1672 4440 inter-

178 4465 327 4549 polation
353 4465 395 4531 de
419 4465 575 4532 reviseur.
622 4463 676 4532 On
700 4469 778 4549 peut
801 4467 899 4545 donc,
925 4468 944 4531 ai
969 4483 1048 4531 mon
1071 4483 1159 4546 sens,
1183 4465 1373 4531 considerer
1396 4482 1526 4530 comme
1549 4464 1670 4529 certain

176 4553 300 4638 qu'une
333 4554 428 4636 lecon
461 4557 619 4620 courante
650 4554 735 4620 dans
770 4554 952 4639 l'antiquite
976 4555 1053 4620 etait
1086 4555 1299 4635 ,Molendum
1326 4570 1432 4637 usque
1465 4553 1498 4618 in
1533 4553 1670 4636 pistrino

177 4643 424 4726 vapulandum‘
453 4694 460 4709 .
486 4693 526 4707 ..
575 4642 597 4708 ll
637 4642 693 4728 n’y
729 4644 817 4710 avait
855 4644 885 4708 la
915 4662 981 4727 que
1014 4644 1075 4709 des
1108 4642 1310 4722 nominatiis,
1346 4660 1388 4709 en
1422 4642 1612 4726 apposition
1651 4641 1670 4706 a

180 4732 444 4811 ,incommoda“.
491 4728 652 4799 Crederes
675 4731 755 4811 iore,
779 4736 814 4798 ut
838 4731 878 4797 H.
902 4733 935 4798 in
959 4734 1021 4798 hac
1055 4733 1194 4798 lectione
1217 4733 1452 4815 acquiesceret,
1477 4730 1668 4815 praesertim

288 4889 309 4960 ¹)
327 4887 358 4947 P.
386 4888 479 4957 Barth,
507 4888 551 4945 De
579 4888 676 4945 infinit.
704 4905 749 4960 ap.
777 4904 872 4946 scaen.
900 4892 977 4959 poet.
1005 4891 1050 4945 lat.
1079 4905 1133 4945 usu
1153 4889 1234 4955 (diss.
1257 4890 1350 4959 inaug.
1371 4888 1446 4959 Lips.
1469 4887 1559 4959 1881),
1579 4903 1607 4958 p.
1626 4888 1673 4944 31.
