3784 5550
1479 475 1952 572 ·—21-·

494 652 715 732 Quam
795 651 1238 717 coniecturam
1319 651 1398 716 H.
1476 652 1699 734 utique
1775 651 1860 716 ad
1937 668 2124 715 suam
2200 650 2598 733 voluptatem
2682 654 2878 734 atque
2926 650 3261 714 arbitrium

254 741 686 826 explendum
758 740 1193 825 excogitavit;
1287 757 1691 823 quamquam
1764 740 2126 805 concedere
2198 756 2322 804 nos
2390 742 2642 822 oportet
2714 738 2778 802 in
2874 742 3263 806 sententiffln

257 832 537 915 optime
582 829 907 914 quadrare
955 846 1101 894 eam
1151 833 1214 904 et
1291 830 1580 912 aliquam
1629 829 2021 894 elocutionis
2066 828 2478 911 asperitatem
2530 830 2774 906 tollere,
2822 834 3038 894 tamen
3091 830 3267 894 nulla

252 938 402 985 nos
456 921 632 1004 cogit
679 936 881 984 causa
929 919 1274 984 lectionem
1305 936 1513 1001 paene
1560 918 1874 983 omnibus
1925 918 2106 983 libris
2153 917 2453 982 traditam
2486 926 2754 996 mutare,
2806 938 2954 982 narn
3014 918 3259 994 „eluas

253 1009 464 1092 quod
543 1008 889 1073 codicibus
966 1005 1026 1070 D
1107 1011 1170 1072 et
1216 1004 1278 1074 G
1352 1007 1645 1084 traditur,
1718 1006 2022 1072 facillime
2101 1024 2183 1071 ex
2260 1010 2650 1088 pronomine
2734 1010 2958 1086 ,‚einsf‘
3034 1026 3263 1070 versus

256 1097 626 1180 sequentis
675 1097 740 1161 in
812 1113 1074 1161 versum
1148 1096 1643 1161 antecedentem
1722 1093 2050 1161 transferri
2101 1096 2329 1177 potuit.
2428 1094 2630 1159 lrntno
2682 1098 2870 1158 etiarn
2926 1098 3079 1162 illud
3135 1114 3263 1162 nrt-n

261 1186 798 1270 intellegendum
849 1188 967 1263 est,
1042 1202 1158 1249 cur
1228 1187 1423 1268 poeta
1492 1184 1888 1268 pronomina
1935 1183 2126 1262 „ille“
2175 1188 2238 1250 et
2286 1184 2429 1263 „is“
2478 1190 2606 1250 tarn
2658 1186 2914 1250 diuersa
2962 1190 3022 1250 et
3075 1186 3267 1268 plane

258 1276 405 1340 alia
478 1276 728 1340 ratione
797 1273 1191 1340 adhibuerit.
1285 1272 1455 1338 Nam
1534 1290 1734 1355 saepe
1782 1273 1976 1337 etiam
2027 1272 2258 1359 eade-m
2309 1291 2590 1356 persona
2642 1278 2702 1338 et
2754 1274 2942 1354 „ille”5
2990 1278 3051 1338 et
3123 1274 3263 1354 „is“

257 1364 673 1429 nominatur.
769 1360 1074 1430 Ceterum
1153 1380 1304 1427 cum
1377 1362 1714 1447 graviores
1784 1378 2026 1426 causae
2076 1361 2273 1426 nobis
2322 1379 2453 1427 non
2506 1370 2766 1446 praesto
2814 1366 2958 1438 sint,
3014 1362 3263 1430 Havetii

255 1453 806 1519 emendationem
871 1469 1006 1516 non
1054 1468 1428 1534 sequemur.

1692 1593 1843 1657 664.

592 1716 966 1782 Nimiumst.
1015 1712 1135 1782 Ch.
1185 1715 1286 1781 Ne
1332 1716 1585 1781 clama:
1635 1713 1970 1801 (re)petito
2048 1718 2248 1783 hasce
2320 1735 2360 1783 a
2412 1736 2514 1782 me
2566 1718 2818 1786 decern.

490 1804 700 1871 Havet
748 1805 945 1890 legit:
1409 1834 1418 1841 ·

596 1894 974 1959 Nimiumst.
1023 1929 1107 1937 —
1159 1892 1259 1957 Ne
1309 1893 1561 1959 clama:
1611 1894 1813 1977 petito
1861 1897 1930 1959 tu
1981 1896 2180 1959 hasce
2228 1913 2268 1960 a
2313 1913 2418 1960 me
2466 1898 2718 1962 decern.

492 1980 682 2059 Quae
751 1984 1126 2047 coniectura
1197 1980 1450 2047 Havetii
1523 1984 1897 2066 exemplum
1970 1984 2453 2049 emendationis
2530 1990 2646 2062 est,
2718 2006 2886 2070 quae
2958 1990 3087 2054 alia
3159 1990 3263 2054 alii

262 2073 567 2138 editores
635 2072 701 2136 in
771 2072 1060 2136 medium
1131 2071 1557 2152 protulerunt,
1629 2072 1798 2137 sicut
1844 2071 2206 2154 ,‚repetito“
2280 2072 2742 2138 Fleckeisenus
2810 2082 2870 2142 et
2922 2074 3263 2154 Dzifflzko!

261 2160 614 2226 Bentleius
663 2158 1019 2241 „illasssce‘ss
1049 2157 1442 2226 Skutschius
1491 2161 1696 2238 „istas
1743 2164 1883 2226 ce.“
1964 2161 2157 2225 Haud
2207 2162 2562 2245 quisquam
2610 2166 2982 2230 discernere
3034 2170 3263 2246 possit,

263 2252 611 2333 quatenus
683 2266 814 2314 una
883 2265 1189 2331 quaeque
1260 2249 1634 2314 emendatio
1681 2252 1924 2338 rectam
1973 2253 2035 2315 et
2083 2251 2439 2334 genuinam
2490 2254 2770 2318 Terentii
2822 2258 3263 2318 coniecturam

266 2339 480 2404 nobis
549 2338 922 2403 servaverit.
1018 2334 1454 2403 Statuendum
1523 2341 1740 2404 autem
1813 2341 1914 2404 est
1984 2356 2222 2404 novam
2298 2339 2550 2406 Havctii
2626 2342 3067 2406 coniecturam
3135 2362 3263 2407 non

265 2428 505 2493 minus
553 2427 620 2492 in
672 2424 1062 2492 sententiam
1115 2427 1439 2509 quadrare
1487 2444 1687 2509 quam
1737 2428 1901 2492 alias
1948 2445 1987 2492 a
2033 2428 2190 2492 viris
2237 2429 2451 2494 doctis
2502 2434 2806 2510 prolatas,

1603 2826 1924 2931 Q
