3784 5550
905 423 1072 488 ..8,

242 602 344 666 multo
369 599 478 666 minus
502 601 624 667 recedit
647 618 667 666 a
691 600 832 667 lectione
855 601 983 667 tradita.
1031 600 1143 685 ltaque
1167 616 1242 663 cum
1258 597 1423 663 ,Haulerio
1458 597 1621 683 legimus:

240 688 346 773 Atque
370 688 514 773 Antipho
537 689 601 755 alia
624 707 726 773 quom
752 692 934 772 occupatus
959 692 1047 755 esset
1071 687 1294 753 sollicitudine

239 777 324 842 Tum
350 778 413 844 hoc
443 796 517 845 esse
542 779 585 843 mi
611 779 777 845 obiectum
803 780 936 844 malum.
963 777 1022 843 An.
1044 777 1106 856 Ah,
1131 777 1211 859 quid
1235 777 1318 841 istuc
1342 778 1392 841 est
1403 778 1513 841 autem
1538 772 1736 843 Phaedria?
1809 810 1811 875 p

899 902 1082 968 rhu-mo.
1809 903 1811 1001 l

485 1024 525 1093 Al
548 1030 582 1092 tu
608 1027 686 1092 mihi
710 1030 823 1092 contra
847 1044 934 1092 nunc
958 1026 1070 1092 videre
1102 1025 1297 1104 fortunatus,
1323 1022 1495 1102 Phaedria,

488 1113 577 1193 Quoi
600 1117 641 1180 de
665 1117 792 1199 integro
816 1119 866 1180 est
889 1118 1037 1198 potestas
1060 1115 1157 1180 etiam
1182 1114 1389 1192 consulendi,
1413 1113 1494 1197 quid
1518 1113 1623 1178 velis:

393 1205 454 1269 175
491 1202 640 1273 Retinere
675 1221 786 1270 amare
822 1205 988 1282 amittere;
1034 1221 1098 1288 ego
1133 1204 1166 1269 in
1201 1221 1276 1268 eum
1312 1202 1413 1268 incidi
1454 1201 1568 1267 infelix
1613 1203 1735 1283 locum,

488 1293 530 1360 Ut
555 1311 663 1376 neque
687 1293 766 1358 mihi
791 1292 832 1358 sit
855 1292 1026 1358 amittendi
1052 1309 1111 1357 nec
1134 1291 1295 1358 retinendi
1320 1292 1426 1374 copia.
1810 1298 1812 1445 ἱ

346 1379 506 1460 Retinere,
531 1399 652 1460 amare,
675 1383 823 1448 amittere
847 1382 880 1447 in
916 1382 1073 1457 omnibus
1097 1384 1147 1447 est
1171 1381 1262 1446 libris
1286 1398 1386 1446 manu
1410 1379 1542 1462 scriptis
1577 1379 1735 1463 idemque

239 1469 360 1554 legisse
384 1474 521 1554 apparet
545 1469 723 1551 Donatum,
752 1489 827 1536 cum
841 1470 987 1536 scribat:
1015 1467 1124 1549 „Quid
1148 1470 1239 1547 velis,
1264 1469 1412 1547 retinere,
1436 1485 1557 1547 amare,
1574 1469 1734 1548 amittere,

240 1574 283 1622 an
307 1559 481 1624 coniuncte
504 1560 681 1644 legendum
707 1563 756 1625 est
780 1560 860 1643 quid
884 1560 967 1625 velis
1007 1560 1154 1636 retinere,
1180 1562 1213 1624 ut
1237 1558 1305 1624 duo
1329 1558 1395 1622 sint
1418 1574 1538 1636 amare,
1574 1559 1734 1640 amittere,
1810 1558 1811 1629 l

241 1646 319 1729 quia
343 1650 374 1712 et
399 1648 481 1714 inira
506 1649 573 1714 duo
602 1649 708 1714 reddit
739 1651 774 1713 ut
809 1666 917 1730 neque
951 1648 1029 1712 mihi
1066 1648 1108 1712 sit
1141 1647 1213 1713 eius
1236 1646 1404 1712 amittendi
1429 1663 1537 1728 neque
1572 1647 1735 1713 retinendi

240 1736 366 1817 copia.“
426 1736 592 1822 Eugraphi
628 1737 927 1820 interpretationem
963 1734 1086 1820 (utrum
1120 1737 1196 1802 velit
1231 1736 1356 1801 mittere
1390 1753 1432 1801 an
1466 1752 1546 1800 vero
1580 1735 1736 1819 retinere)

239 1827 373 1889 secutus
390 1823 676 1909 Umptenbachius
700 1826 831 1909 scripsit
858 1826 1014 1905 „retinere
1037 1843 1080 1890 an
1103 1843 1183 1890 vero
1205 1825 1386 1904 amittere“,
1411 1823 1578 1889 Bentleius
1593 1825 1736 1890 coniecit

243 1913 399 1991 „retinere
423 1932 533 1980 amare
556 1933 598 1981 an
623 1916 781 1981 mittere“.
810 1913 979 1994 „Retinere
1002 1931 1149 1980 amorem
1173 1931 1216 1979 an
1240 1914 1385 1979 mittere“
1413 1913 1552 1978 Bothius
1583 1915 1735 1980 conicere

241 2003 319 2080 vult,
344 2021 443 2086 quam
469 2005 691 2070 coniecturam
716 2005 749 2069 in
774 2005 917 2070 editione
941 2004 1041 2068 altera
1066 2003 1219 2085 probavit
1242 1999 1411 2080 Dziatzk0,
1435 2002 1492 2084 qui
1517 2002 1646 2085 ipsein
1680 2002 1733 2066 ed.

241 2091 345 2173 prima
383 2110 475 2172 „eam
500 2111 586 2158 anne
609 2093 776 2159 amittere“
814 2093 955 2175 scripsit.
1003 2091 1045 2159 Ut
1069 2089 1283 2158 Goldbacher
1306 2089 1453 2176 (Wiener
1486 2088 1623 2157 Studien
1655 2090 1732 2169 Vll,

240 2196 272 2261 p.
301 2178 377 2264 163)
412 2183 557 2247 ostendit
591 2199 651 2264 pro
688 2187 835 2260 „amare“
862 2181 957 2247 facile
981 2180 1080 2245 scribi
1105 2184 1214 2263 potest
1236 2183 1408 2260 „amore“,
1433 2196 1520 2262 quae
1544 2178 1733 2245 coniectura

240 2268 312 2334 sola
348 2270 496 2351 proxime
541 2271 584 2336 ad
620 2271 776 2335 librorum
823 2271 1019 2352 scripturam
1053 2271 1212 2335 accedere
1246 2269 1385 2335 videtur.
1445 2268 1636 2353 Brugmann
1672 2287 1734 2350 pro

237 2373 347 2423 amare
380 2375 444 2436 „an
475 2377 495 2425 a
529 2362 582 2424 te“
608 2360 756 2439 coniecit,
781 2377 881 2442 quam
916 2359 1138 2424 coniecturam
1163 2358 1352 2424 Fleckeisen
1377 2358 1410 2421 in
1435 2357 1487 2423 ed.
1512 2374 1574 2422 sua
1597 2361 1733 2423 secutus

240 2449 344 2511 estet
368 2446 473 2512 Havet
496 2448 559 2512 hoc
583 2448 773 2513 discrimine
796 2447 924 2530 probat,
949 2448 1039 2530 quod
1076 2465 1136 2530 pro
1161 2465 1224 2525 „an
1248 2464 1267 2512 a
1291 2449 1344 2512 te“
1369 2443 1566 2512 ANAPSTE
1589 2446 1734 2511 scribere

236 2535 315 2599 vult.
372 2533 432 2601 AN
467 2539 576 2602 autem
611 2539 770 2602 mutatum
806 2553 882 2602 esse
916 2536 995 2601 dicit
1030 2537 1063 2601 in
1097 2535 1162 2600 ΑΜ
1186 2553 1268 2619 „par
1290 2535 1503 2618 anticipation
1528 2552 1585 2599 sur
1608 2536 1638 2600 le
1662 2539 1731 2599 mot

238 2624 379 2698 suivant,
405 2626 480 2708 puis
503 2623 705 2691 AMAPSTE
728 2644 747 2692 a
772 2625 833 2704 e'te,
857 2629 927 2691 tant
951 2625 1028 2690 bien
1053 2642 1118 2708 que
1143 2625 1218 2703 mal,
1243 2625 1390 2690 converti
1423 2642 1464 2690 en
1489 2641 1534 2688 un
1558 2626 1627 2689 mol
1650 2623 1730 2688 latin
1812 2632 1813 2673 ἒ

241 2713 296 2796 qui
322 2714 462 2781 semblal
484 2718 658 2798 permettre
683 2734 748 2781 une
771 2715 1028 2782 construction.“
1053 2714 1170 2798 Neque
1193 2715 1255 2781 hac
1280 2713 1467 2780 coniectura
1492 2715 1601 2779 textus
1632 2713 1731 2796 plane

236 2806 380 2868 sanatur.
923 2858 930 2869 ,

343 2890 443 2970 Quod
468 2896 577 2957 autem
601 2892 656 2957 alii
680 2892 738 2963 viri
763 2891 852 2957 docti
876 2892 1033 2957 omnibus
1058 2892 1109 2956 his
1133 2891 1331 2957 coniecturis
1355 2892 1529 2957 lectionem
1554 2891 1730 2956 codicibus

236 2983 397 3045 servatam
433 2985 633 3063 proponunt,
659 2979 764 3047 Havel
797 2982 860 3045 hoc
885 2981 993 3045 solum
1018 2980 1177 3063 opponit:
1202 2998 1263 3059 „ce
1286 2981 1342 3063 qui
1367 2997 1492 3063 prouve
1516 2996 1581 3063 que
1606 2979 1732 3062 l'esprit

235 3085 255 3133 a
290 3086 334 3132 un
369 3069 469 3135 laihte
505 3087 589 3153 pour
630 3070 830 3136 l'absurde.“
888 3068 923 3137 Si
959 3070 1035 3153 quis
1069 3070 1240 3135 lectionem
1266 3070 1418 3135 codicum
1455 3069 1497 3135 ad
1533 3071 1729 3135 sententiam

238 3157 334 3239 plane
356 3160 643 3226 accommodatam
672 3160 846 3242 improbet,
871 3176 1009 3224 necesse
1034 3162 1084 3224 est
1107 3176 1182 3223 eum
1207 3176 1326 3224 causas
1350 3159 1561 3240 rationesque
1585 3155 1731 3241 proferre

237 3263 339 3329 quare
363 3247 570 3314 coniecturas
594 3248 764 3331 praeierat.
791 3247 888 3317 Recte
918 3265 997 3332 ergo
1023 3248 1117 3313 lectio
1142 3247 1312 3326 „retinere
1336 3262 1457 3326 amare,
1480 3247 1648 3313 amittere“
1686 3247 1731 3311 ab

238 3334 381 3400 Haulero
410 3336 550 3420 aliisque
576 3337 653 3402 viris
680 3337 787 3402 doctis
815 3336 983 3419 probatur,
1007 3337 1063 3418 qui
1088 3336 1121 3400 id
1149 3353 1224 3401 esse
1262 3339 1377 3418 putant
1412 3353 1519 3421 genus
1558 3335 1731 3419 quoddam

238 3424 383 3508 vulgare.
400 3423 423 3510 ¹)
462 3421 605 3492 Skutsch
641 3425 766 3491 confert
797 3425 901 3490 Plaut.
938 3424 1058 3491 Bacch.
1100 3425 1172 3490 158:
1199 3424 1260 3489 Hic
1298 3426 1401 3491 vereri
1440 3424 1592 3507 perdidit.
1617 3424 1663 3489 lta
1702 3430 1735 3490 et

237 3510 381 3596 Spengel
417 3511 526 3597 (Burs.
561 3514 625 3580 vol.
660 3515 714 3593 68,
750 3531 782 3597 p.
810 3511 907 3597 mol:
934 3518 981 3584 Es
1005 3514 1047 3578 ist
1070 3513 1143 3579 eine
1167 3513 1345 3579 zweifache
1368 3514 1550 3598 Erkliirung
1574 3512 1731 3598 moglich,

236 3602 402 3667 entweder
424 3618 546 3680 amare,
570 3603 870 3688 gleichbedeutend
901 3604 958 3668 mit
971 3619 1117 3668 amorem
1133 3603 1183 3667 als
1208 3601 1284 3688 Obj.
1309 3622 1350 3667 zu
1363 3604 1500 3669 relinere
1526 3621 1556 3666 u.
1581 3602 1731 3667 amittere

237 3707 276 3754 zu
301 3692 442 3755 nehmen
468 3694 552 3758 nach
576 3689 737 3777 Analogie
771 3709 837 3756 von
875 3692 965 3757 mitte
1003 3709 1125 3770 amare,
1162 3692 1243 3756 oder
1272 3709 1382 3757 amare
1406 3692 1482 3757 dem
1508 3690 1565 3756 lnf.
1590 3691 1732 3756 retinere

235 3778 484 3862 gleichstehend
509 3800 550 3846 zu
575 3780 698 3859 lassen,
716 3781 747 3845 d.
777 3781 808 3846 h.
825 3784 882 3846 aut
909 3798 982 3846 eam
999 3781 1138 3845 retinere
1162 3783 1261 3864 atque
1277 3798 1388 3847 amare
1404 3786 1462 3846 aut
1478 3798 1552 3845 eam
1570 3780 1731 3857 amittere,

235 3884 273 3932 so
297 3868 361 3933 dall
386 3868 444 3933 der
468 3866 603 3935 Dichter
620 3870 663 3934 im
689 3874 795 3935 ersten
821 3868 938 3935 Gliede
956 3870 1037 3934 zwei
1060 3869 1168 3934 Verba
1183 3870 1313 3948 wahlte,
1332 3888 1387 3934 um
1412 3869 1516 3934 durch
1541 3868 1733 3953 Beiitigung

234 3957 294 4021 des
317 3974 428 4022 amare
451 3959 547 4023 einen
571 3956 789 4043 Gleichldang
814 3959 871 4022 mit
894 3959 1042 4024 amittere
1066 3976 1106 4022 zu
1143 3957 1300 4023 erhalten.

943 4082 1019 4147 209.

484 4201 546 4272 Ge.
572 4205 643 4270 Hoc
668 4206 747 4271 nihil
780 4209 839 4285 est,
866 4204 1029 4271 Phaedria
1053 4206 1148 4271 ilicet.

233 4292 323 4371 Quid
334 4293 595 4360 hicconterimus
607 4292 1192 4377 operamfrustraaQuinabeoaph.
1205 4294 1243 4360 Et
1254 4295 1388 4377 quidem
1400 4294 1551 4381 ego?lln
1563 4294 1727 4363 Obsecro.

341 4382 397 4465 „le
421 4402 464 4448 ne
486 4384 559 4449 vois
584 4400 644 4466 pas
666 4385 711 4448 du
735 4387 805 4449 tout
830 4385 997 4467 pourquoi
1023 4382 1107 4449 Geta
1131 4383 1319 4467 poseraita
1354 4383 1495 4450 Phedria
1518 4385 1548 4450 la
1573 4384 1731 4468 question

237 4468 325 4547 Quin
349 4472 467 4537 abeo?
489 4472 611 4551 „Nullo
636 4473 737 4537 modo
765 4475 874 4538 autem
899 4470 983 4538 Geta
1020 4470 1217 4538 Phaedriam
1250 4473 1427 4558 interrogat
1451 4475 1509 4539 sed
1546 4491 1583 4539 se
1607 4476 1731 4556 ipsum.

236 4559 324 4625 Licet
348 4561 449 4643 „quin
474 4562 581 4627 abeo“
606 4562 869 4627 adhortationem
887 4563 1064 4641 contineat,
1087 4564 1197 4627 tamen
1221 4562 1284 4627 hoc
1307 4563 1511 4628 enuntiatum
1534 4564 1600 4629 vim
1625 4563 1731 4628 inter-

338 4701 358 4782 ¹)
377 4701 470 4755 ltauer
488 4700 614 4770 (Wiener
643 4699 769 4767 Studien,
796 4700 876 4767 XXll,
905 4716 933 4770 p.
958 4700 1038 4769 100):
1084 4701 1112 4756 ln
1139 4702 1191 4756 der
1217 4701 1374 4771 Erlrltlrung
1401 4702 1521 4758 Haulers
1550 4703 1661 4757 mdchte
1680 4700 1729 4755 ich

234 4770 307 4825 noch
326 4771 506 4841 hmzuitlgen,
525 4772 582 4827 dass
595 4786 692 4828 amare
711 4773 860 4828 erhldrend
871 4772 928 4827 und
941 4772 1084 4840 steigemd
1103 4787 1137 4826 zu
1150 4772 1269 4828 retinere
1288 4773 1438 4840 hinzutritt,
1456 4773 1547 4829 daher
1565 4774 1612 4830 die
1631 4771 1730 4828 Pause

231 4840 372 4899 zwischen
401 4844 457 4899 den
487 4842 599 4908 beiden,
628 4845 704 4898 darm
731 4844 874 4899 abermals
902 4844 974 4898 nach
1003 4843 1081 4898 einer
1099 4843 1193 4899 Pause
1210 4844 1258 4898 die
1277 4843 1376 4900 zweile
1396 4844 1579 4913 Mdglichkeit
1597 4844 1730 4900 amittere

231 4911 318 4983 iolgt:
355 4913 405 4969 Bei
424 4913 468 4969 dir
483 4930 517 4969 zu
538 4915 632 4970 halten
652 4945 685 4953 —
705 4915 756 4970 der
776 4914 862 4970 Liebe
880 4929 915 4969 zu
933 4913 1074 4983 geniessen
1099 4944 1133 4953 -
1152 4914 1195 4971 sie
1212 4915 1456 4984 wegzuschicken.
