3784 5550
856 440 1031 504 ..15-

284 618 495 705 Argumentis
519 617 653 682 minime
676 614 919 682 sufficientibus
943 615 984 681 H.
1007 633 1140 682 versum
1164 615 1208 682 ita
1231 620 1357 682 mutare
1380 615 1470 683 vult:

284 706 476 791 Prosapiam
501 722 607 790 usque
629 705 673 771 ab
695 705 804 772 abavo
827 707 926 789 atque
956 707 1053 772 atavo
1078 704 1257 789 proterens.

286 793 354 864 Sed
389 797 454 862 iam
486 796 681 881 argumenta
714 795 757 860 ab
791 794 854 860 hoc
888 794 960 860 viro
984 794 1084 860 docto
1116 793 1243 878 prolata
1266 796 1451 861 accuratius
1474 791 1673 877 perquiram.

178 888 205 953 l.
237 885 346 952 Havet
369 887 462 970 putat
486 888 592 964 ‚‚av0“
617 885 806 968 corruptum
831 900 905 950 esse
929 901 971 949 ex
994 883 1145 963 „abavo“
1175 884 1350 967 propterea
1371 882 1506 968 „quand
1531 899 1575 946 on
1597 881 1676 946 veut

173 991 321 1058 exposer
354 992 419 1040 une
454 972 590 1057 parente
625 975 715 1038 entre
752 973 899 1052 cousins,
923 971 1131 1039 remontera
1154 971 1303 1052 l’‚,avus“
1326 976 1443 1039 estun
1468 970 1673 1039 minimum“.

173 1063 214 1130 ht
252 1067 367 1130 contra
402 1063 580 1130 dicendum
603 1064 654 1127 est
677 1061 919 1128 substantivum
954 1064 1080 1141 „avus“
1104 1061 1167 1127 hoc
1191 1062 1265 1127 loco
1289 1061 1386 1145 plane
1420 1059 1674 1129 accomodatum

173 1170 264 1234 esse,
280 1169 357 1219 nam
375 1151 532 1218 Phormio
547 1151 646 1216 dicit:
669 1147 705 1218 Si
727 1151 885 1216 talentum
901 1167 970 1216 rem
987 1150 1173 1233 reliquisset
1188 1151 1315 1230 decem,
1331 1168 1464 1217 omnem
1482 1147 1674 1235 progeniem

174 1259 286 1325 usque
317 1237 519 1326 (deinceps)
542 1238 705 1323 proferres
728 1239 772 1304 ab
795 1256 860 1305 avo
882 1242 914 1305 et
936 1239 980 1305 ab
1003 1242 1110 1319 atavo,
1145 1240 1196 1306 vel
1218 1240 1262 1305 ab
1284 1256 1347 1306 avo
1371 1240 1534 1325 proferres
1568 1254 1675 1320 usque

172 1331 219 1397 ad
254 1334 399 1398 atavum.
445 1328 552 1396 Avum
586 1329 672 1394 enim
707 1326 875 1412 Demipho
910 1328 1022 1413 potius
1057 1329 1251 1414 cognoverit
1273 1346 1373 1412 quam
1396 1330 1540 1396 abavum
1564 1327 1675 1409 itaque

173 1437 277 1486 avum
302 1420 409 1503 primo
433 1419 507 1485 loco
531 1417 722 1484 nominavit.

75 1518 79 1527 '
200 1511 233 1577 2.
293 1507 333 1573 H.
369 1508 494 1574 iudicat
528 1509 713 1587 „vestram“
748 1522 823 1573 esse
845 1523 962 1572 vocem
986 1505 1189 1592 ambiguam,
1214 1523 1289 1572 curn
1313 1509 1345 1572 et
1367 1510 1465 1587 ,‚tuos
1489 1510 1520 1572 et
1543 1507 1674 1570 tuorum

174 1598 470 1683 consanguineos“
486 1595 650 1682 significet
666 1598 697 1661 et
714 1598 811 1675 „tuos
827 1597 859 1660 et
875 1593 1036 1678 Stilponis
1060 1595 1373 1681 consanguineos“;
1398 1597 1548 1675 „vestra“
1565 1595 1674 1659 autern

175 1685 317 1753 omnino
332 1703 399 1753 non
424 1703 486 1752 nos
501 1685 692 1751 dubitantes
707 1684 794 1763 facit,
810 1684 870 1750 sed
887 1685 1056 1750 notionem
1074 1683 1173 1750 habet
1192 1687 1401 1764 „communis
1417 1688 1526 1750 vestra
1537 1683 1673 1766 .stirps‘¹.
1756 1728 1760 1732 .

199 1778 232 1842 3.
276 1775 381 1843 flavet
396 1775 475 1840 dicit
490 1773 726 1859 ..progeniem
742 1773 827 1838 falso
842 1776 1009 1857 sumptam
1024 1790 1109 1853 esse,
1122 1790 1198 1839 cum
1212 1775 1274 1839 hoc
1288 1791 1355 1839 uno
1366 1776 1440 1840 loco
1457 1772 1676 1857 „progenies“

177 1867 315 1932 notione
339 1866 492 1931 concreta
515 1865 585 1943 „les
609 1862 832 1928 ascendants“
856 1865 1041 1946 usurpetur.
1066 1861 1137 1927 Nos
1161 1863 1295 1945 quidem
1320 1881 1388 1928 non
1412 1879 1674 1939 commovemur,

176 1957 213 2020 ut
237 1956 301 2021 hoc
317 1953 455 2020 verbum
472 1953 517 2018 ibi
533 1953 686 2018 concreta
703 1951 837 2017 notione
859 1951 1044 2016 adhibitum
1060 1968 1134 2016 esse
1161 1955 1326 2034 putemus.
1350 1953 1470 2018 Nonne
1494 1949 1677 2035 simplicius

176 2047 229 2109 est
252 2045 283 2110 ei
307 2045 343 2107 ut
366 2041 533 2108 abstracto
557 2041 751 2106 sententiam
775 2040 919 2106 familiae
942 2041 994 2106 vel
1018 2039 1127 2124 gentis
1149 2057 1349 2124 supponere.
1395 2038 1445 2108 Cf.
1483 2039 1552 2109 Cic.
1575 2038 1676 2105 Tusc.

178 2133 200 2196 l.
231 2133 291 2199 12:
315 2130 502 2214 Antiquitas
524 2147 593 2213 quo
617 2130 755 2213 propius
779 2129 894 2195 aberat
916 2129 960 2195 ab
984 2132 1056 2195 ortu
1071 2132 1103 2194 et
1126 2129 1245 2195 clivina
1266 2129 1435 2215 progenie,
1460 2130 1524 2194 hoc
1547 2128 1676 2194 melius.

177 2219 248 2288 Cic.
274 2221 316 2287 de
339 2238 374 2286 re
398 2220 489 2304 publ.
515 2219 550 2284 ll.
578 2219 639 2284 12:
686 2217 796 2284 Nostri
822 2218 866 2283 illi
890 2219 987 2283 etiam
1019 2222 1087 2283 lum
1110 2222 1257 2303 agrestes
1279 2219 1441 2298 viderunt,
1464 2219 1614 2285 virtutem
1647 2220 1678 2282 et

175 2310 374 2395 sapientiam
405 2310 560 2398 regalem,
585 2325 652 2374 non
677 2307 869 2393 progeniem
903 2307 1016 2391 quaeri
1041 2310 1213 2390 oportere;
1238 2308 1337 2374 dere
1361 2308 1452 2392 publ.
1478 2307 1513 2372 ll.
1538 2307 1599 2373 24:
1635 2305 1678 2372 Ut

177 2419 199 2466 a
234 2399 340 2483 prima
374 2397 610 2484 congressione
643 2397 744 2463 maris
779 2400 810 2462 et
844 2396 997 2476 feminae,
1029 2396 1150 2462 deinde
1184 2415 1205 2462 a
1239 2398 1398 2482 progenie
1417 2400 1457 2462 et
1480 2395 1677 2481 cognatione

179 2489 298 2556 ordiar.
345 2486 441 2573 Verg.
476 2485 557 2552 Aen.
593 2485 614 2551 l.
655 2486 712 2551 19:
747 2483 943 2571 Progeniem
979 2486 1038 2551 sed
1074 2486 1161 2551 enim
1192 2486 1337 2551 Troiano
1360 2506 1380 2551 a
1403 2487 1565 2570 sanguine
1589 2483 1676 2549 duci.

287 2574 322 2645 Si
358 2576 449 2660 apud
482 2575 671 2642 Terentium
708 2591 816 2657 neque
852 2575 1029 2658 progenies
1062 2591 1170 2657 neque
1205 2576 1362 2658 prosapia
1394 2575 1510 2641 iterum
1549 2573 1676 2657 legitur,

180 2684 249 2750 quo
274 2667 342 2732 iure
358 2683 475 2732 vocem
493 2665 713 2750 „progenies‘
728 2663 820 2728 libris
835 2663 986 2728 traditam
1010 2663 1113 2728 verbo
1130 2664 1330 2746 „prosapia“
1354 2663 1453 2728 nobis
1476 2665 1677 2745 postponere

182 2757 284 2823 licet?
329 2753 379 2821 hn
404 2755 496 2839 quod
520 2754 720 2838 ,‚prosapia“
745 2752 778 2819 in
802 2751 907 2819 Plauti
932 2751 1115 2819 comoediis
1138 2754 1240 2819 semel
1273 2753 1465 2820 invenitur?

290 2844 396 2911 Havet
429 2844 629 2911 locutionem
665 2843 730 2923 ‚,ab
764 2860 827 2909 avo
861 2845 962 2925 atque
993 2843 1112 2907 atavo“
1149 2845 1276 2908 mutare
1309 2843 1379 2909 vult
1412 2843 1446 2907 in
1481 2842 1545 2921 „ab
1569 2839 1677 2905 abavo

180 2939 282 3019 atque
314 2936 456 3014 atavo“;
481 2934 543 2998 hac
569 2950 604 2999 re
629 2932 781 2998 metricae
805 2932 996 2997 exoriuntur
1018 2930 1237 3011 difficultates,
1261 2947 1335 2997 cum
1360 2932 1445 2997 duas
1467 2930 1612 3016 syllabas
1645 2929 1678 2993 in

183 3026 248 3090 hoc
282 3040 379 3090 versu
415 3024 599 3089 habeamus
632 3037 905 3104 supervacaneas.
948 3018 1026 3088 vCui
1057 3021 1102 3086 rei
1130 3020 1300 3087 sanandae
1325 3021 1364 3086 ll.
1389 3038 1449 3105 pro
1474 3020 1594 3086 leviore
1617 3035 1679 3082 sua

181 3111 383 3179 emendandi
406 3113 532 3178 ratione
563 3110 659 3175 facile
682 3110 805 3176 invenit
828 3109 1025 3174 consilium:
1051 3125 1234 3192 pronomen
1259 3112 1445 3189 ,‚vestram“
1470 3112 1520 3174 est
1541 3107 1678 3176 verbum

181 3201 372 3284 suppletum
396 3201 439 3267 ab
464 3199 694 3284 interpolatore
718 3198 762 3263 ob
786 3214 927 3280 eamque
951 3215 1018 3263 rem
1042 3198 1239 3264 eiciendum.
1264 3196 1460 3283 Suppletum
1484 3202 1593 3264 autem
1618 3197 1681 3261 hoc

181 3292 320 3357 verbum
356 3289 495 3356 flavello
530 3306 604 3354 esse
637 3287 775 3366 videtur,
811 3287 904 3371 quod
939 3304 1057 3352 omnes
1095 3287 1169 3352 libri
1208 3291 1395 3367 „vestram“
1419 3289 1588 3371 praebent,
1612 3303 1679 3351 non

183 3379 395 3461 „vostram“l
431 3378 525 3457 Quae
560 3394 663 3443 causa
697 3376 795 3441 nobis
831 3394 897 3442 non
922 3375 1073 3456 sufficiet,
1097 3394 1173 3442 curn
1196 3377 1322 3460 antiqui
1345 3377 1379 3442 in
1402 3381 1491 3443 recta
1514 3375 1680 3442 scribendi

182 3469 310 3534 ratione
333 3486 400 3533 non
423 3470 489 3533 tam
515 3483 648 3532 severas
672 3465 764 3550 leges
787 3466 890 3531 secuti
915 3466 981 3530 sint
1002 3468 1101 3550 atque
1125 3484 1198 3531 nos.
1243 3466 1314 3550 Jam
1338 3466 1469 3531 Terenti
1493 3466 1598 3532 aetate
1621 3481 1681 3547 pro

183 3556 311 3643 syllaba
347 3555 444 3637 ,‚vo“,
480 3573 580 3639 quarn
617 3555 740 3620 litterae
774 3574 799 3634 r,
823 3573 850 3635 s,
873 3558 886 3620 t
909 3558 1103 3638 sequuntur,
1128 3556 1254 3641 syllaba
1293 3558 1376 3634 „ve“
1401 3555 1523 3638 scripta
1545 3554 1682 3621 videtur.

182 3644 321 3731 (Confer
345 3645 468 3711 Hauler
491 3646 504 3686 ³
526 3664 558 3729 p.
583 3645 627 3710 57
650 3639 762 3728 seqq.)

293 3733 426 3813 Quibus
450 3734 562 3800 causis
585 3733 742 3800 commoti
766 3732 941 3798 lectionem
966 3733 1118 3798 traditam
1143 3732 1360 3800 servabimus.

896 3876 972 3942 397.

482 4019 547 4085 393
570 4018 610 4083 tlt
633 4019 661 4083 si
683 4019 839 4084 talentum
865 4036 933 4083 rem
958 4018 1144 4102 reliquisset
1168 4018 1293 4084 decem.
1319 4068 1325 4082 .
1352 4070 1359 4082 .
1385 4069 1391 4082 .

483 4108 549 4174 396
575 4107 619 4172 lta
643 4109 678 4173 ut
700 4108 805 4174 dicis!
854 4106 925 4192 Ego
949 4110 1028 4186 tum,
1053 4125 1154 4191 quom
1179 4108 1399 4186 advenissem,
1434 4107 1491 4190 qui
1516 4106 1594 4172 mihi

577 4194 729 4282 Cognata
753 4214 792 4262 ea
816 4200 913 4276 esset,
938 4197 1104 4262 dicerem:
1129 4197 1241 4262 itidem
1266 4199 1301 4261 tu
1325 4195 1396 4261 face

576 4283 683 4370 Cedo,
708 4286 765 4369 qui
790 4289 839 4353 est
862 4286 1034 4371 cognata?

295 4375 367 4441 Hoc
401 4376 434 4440 in
469 4392 566 4440 versu
603 4374 643 4439 H.
678 4376 779 4441 verba
815 4378 979 4460 „cognata
1013 4377 1074 4439 ea“
1110 4374 1143 4439 in
1179 4392 1280 4439 unum
1315 4375 1452 4440 verbum
1485 4372 1684 4457 „cognatio“

189 4466 359 4544 contraxit,
384 4468 459 4530 cum
484 4463 700 4547 Demiphonti
725 4464 956 4547 propinquitas
981 4481 1055 4528 cum
1084 4463 1334 4546 consanguineo
1359 4465 1488 4528 mortuo
1513 4463 1685 4545 probanda

189 4554 240 4619 sit.
299 4553 382 4619 Mihi
419 4553 553 4637 quidem
594 4554 756 4617 sententia
791 4554 853 4618 loci
888 4553 953 4617 alio
989 4556 1139 4635 spectare
1170 4552 1307 4618 videtur.
1355 4551 1517 4635 imprimis
1541 4552 1627 4617 enim
1652 4552 1686 4617 id

188 4644 305 4729 agitur,
333 4646 366 4708 ul
382 4641 611 4725 propinquitas
627 4640 755 4723 puellae
771 4642 963 4720 declaretur,
987 4659 1087 4724 quam
1115 4641 1220 4705 solam
1238 4640 1405 4724 Demipho
1420 4642 1551 4726 cogitat.
1576 4639 1685 4719 Quam

188 4734 233 4797 ob
269 4749 338 4798 rem
362 4749 482 4817 genere
505 4730 665 4796 feminino
689 4730 787 4795 ulitur
811 4733 1007 4815 „cognala“,
1032 4747 1099 4795 non
1123 4733 1296 4815 cognatus,
1320 4730 1410 4813 quod
1435 4748 1494 4813 per
1519 4748 1556 4795 se
1580 4730 1686 4814 legem

189 4820 330 4905 logicam
344 4820 450 4905 magis
462 4819 666 4902 exprimeret.
680 4817 747 4885 Sed
760 4820 828 4885 iam
836 4820 951 4884 iterum
963 4823 1062 4902 atque
1075 4819 1209 4901 saepius
1221 4818 1337 4883 falsam
1353 4819 1481 4884 flavetii
1492 4819 1686 4884 sententiam

189 4910 355 4989 adnotavi,
379 4926 446 4992 qua
467 4908 565 4974 nimis
587 4908 798 4975 vehementer
821 4911 852 4973 el
873 4908 989 4973 iniuria
1015 4907 1168 4974 Terentio
1192 4909 1338 4974 tribuerit
1351 4908 1510 4974 rationem
1533 4908 1687 4992 logicam.
