3784 5550
848 690 1772 860 Quaestiones
1869 697 2786 842 Terentianae.

1763 909 1886 965 Von

1072 1009 1322 1079 ALOIS
1350 1013 1660 1096 PAPLA,
1709 1015 1770 1084 k.
1819 1018 1879 1086 k.
1944 1017 2566 1108 Gymnasiallehrer.

541 1167 610 1234 ln
658 1168 1011 1270 annalibus
1065 1167 1327 1248 „Revue
1360 1175 1445 1241 de
1475 1177 1835 1265 philologie
1863 1181 1948 1247 de
1980 1181 2333 1249 litterature
2388 1187 2452 1251 et
2496 1185 2834 1254 d'histoire
2882 1190 3303 1266 anciennes“,

317 1257 454 1325 vol.
501 1257 721 1360 XXV..
763 1257 960 1323 Louis
1010 1257 1221 1361 ijlavet
1263 1263 1348 1329 de
1392 1263 1679 1333 Terentii
1751 1267 2151 1337 Phormione
2220 1272 2570 1354 disseruit;
2646 1274 2834 1338 euius
2886 1278 3171 1342 rationes
3239 1278 3307 1342 in

321 1346 761 1413 emendandis
831 1350 895 1412 et
959 1350 1177 1413 critice
1244 1354 1602 1421 tractandis
1671 1357 1975 1426 versibus
2032 1360 2369 1428 adhibitae
2416 1365 2630 1430 utrum
2682 1366 2850 1430 reete
2898 1366 3026 1430 sint
3078 1382 3307 1446 necne,

327 1435 683 1544 ostepdere
729 1434 889 1501 mihi
940 1439 1281 1520 proposui.
1793 1440 1799 1446 “

401 1614 463 1626 ..
535 1524 794 1626 jam-in
864 1524 1048 1590 initio
1096 1525 1254 1594 mihi
1303 1530 1368 1597 in
1420 1532 1797 1600 universum
1846 1535 2065 1603 dicere
2132 1539 2324 1604 liceat
2373 1539 2718 1606 Havetium
2770 1562 3014 1626 magne
3046 1546 3315 1610 arbitrie

322 1617 547 1679 critica
592 1615 844 1679 ratrone
893 1630 1087 1678 usum
1136 1631 1323 1700 esse3
1373 1622 1594 1706 itaque
1640 1625 2148 1710 paene‘ubique
2196 1629 2339 1693 eius
2386 1634 2882 1698 emendationes
2930 1638 2998 1698 ut
3046 1634 3315 1698 arbitrie

324 1706 580 1768 tantum
629 1705 693 1767 et
728 1702 1071 1803 ‘voluntate
1131 1703 1404 1776 ellicitas
1449 1711 1709 1779 abicere
1756 1718 2027 1782 coactus
2074 1732 2244 1782 sum.

542 1788 675 1858 Sed
724 1808 854 1856 iam
904 1807 1262 1876 pergamus
1307 1800 1393 1866 ad
1441 1818 1576 1867 rem
1626 1803 2080 1870 tractandam:
2189 1859 2194 1863 .

1762 1946 1870 2011 60.

1040 2089 1301 2168 Quoius
1346 2095 1413 2153 tu
1461 2087 1664 2154 fidem
1715 2089 1780 2153 in
1829 2089 2114 2172 pecunia
2160 2092 2594 2174 perspexeris,

1037 2179 1274 2245 Verere
1321 2178 1380 2243 ei
1426 2177 1629 2243 verba
1677 2177 1944 2243 credere
1966 2178 2004 2244 Ῥ

539 2268 858 2335 Havetius
923 2268 1277 2335 verborum
1344 2267 1648 2333 ordinem
1718 2267 2065 2332 immutare
2130 2268 2286 2347 vult,
2356 2269 2538 2351 quod
2596 2270 2658 2334 in
2714 2274 2834 2334 hee
2886 2290 3078 2338 versu
3131 2274 3309 2338 nulia

319 2363 505 2426 recta
552 2375 827 2424 caesura
874 2361 993 2424 est.
1089 2355 1312 2434 Quare
1358 2357 1491 2421 veri
1539 2354 1751 2421 simile
1799 2373 1949 2421 esse
1994 2355 2373 2422 Terentium
2423 2359 2810 2442 scripsisse:

1099 2443 1310 2514 Cuius
1354 2448 1425 2510 tu
1469 2442 1669 2510 fidem
1722 2445 2067 2529 perspexis
2121 2446 2186 2510 in
2235 2446 2537 2529 pecunia.

534 2536 909 2602 Terentium
984 2534 1050 2599 in
1119 2552 1317 2600 versu
1390 2535 1652 2599 senario
1710 2534 2101 2617 plerumque
2146 2537 2209 2600 et
2255 2552 2528 2601 caesura
2578 2542 2726 2618 poet
2774 2538 3022 2602 tertiani
3078 2538 3311 2618 thesin,

323 2628 365 2692 i.
393 2643 448 2691 e.
476 2624 946 2707 semiquinaria
975 2622 1449 2711 (πενθημιμερῆς)
1500 2626 1561 2688 et
1585 2639 1859 2688 caesura
1889 2623 2432 2706 semiseptenaria
2454 2622 2906 2710 (ἑφθημψερῆςμ
2946 2646 3135 2690 usum
3163 2646 3311 2690 esse

325 2717 500 2781 certe
548 2715 824 2780 constat.
918 2711 1086 2781 Sunt
1133 2715 1351 2779 autem
1403 2711 1701 2777 nonnulli
1748 2729 2007 2792 versuS,
2060 2712 2173 2796 qui
2222 2712 2326 2778 his
2373 2714 2662 2780 caesuris
2718 2718 2978 2794 earent;
3030 2717 3211 2798 qued
3259 2718 3315 2782 si

327 2807 415 2870 ita
486 2807 605 2882 est,
674 2819 908 2869 versus
978 2803 1172 2868 aliam
1240 2801 1512 2885 praebet
1565 2804 1979 2867 structuram.
2074 2801 2243 2866 Nam
2302 2806 2453 2885 post
2500 2802 2866 2867 seeundum
2918 2802 3155 2886 pedem
3203 2810 3316 2870 aut

329 2897 482 2978 post
529 2892 891 2959 secundam
940 2891 1157 2957 thesin
1203 2893 1266 2957 et
1313 2892 1616 2973 quartum
1667 2891 1904 2973 pedem
1953 2908 2085 2957 vox
2138 2889 2379 2971 finitur,
2429 2895 2498 2957 ut
2543 2894 2846 2959 videmus
2898 2894 2958 2959 in
3010 2915 3066 2959 ν.
3119 2894 3207 2959 61]
3255 2899 3315 2959 et

323 3003 387 3049 ν.
431 2983 605 3049 454;

458 3113 465 3119 »
871 3067 1053 3146 Quot
1101 3068 1430 3147 homineS,
1477 3071 1572 3133 tot
1617 3068 2025 3148 sententiae;
2076 3085 2239 3134 suos
2287 3068 2578 3152 quoique
2630 3087 2794 3135 mes.

540 3178 600 3225 v.
648 3159 820 3223 457:
1010 3161 1015 3167 '

1163 3244 1306 3331 Ego
1351 3245 1639 3328 amplius
1702 3244 2205 3311 deliberandum
2253 3263 2517 3312 censeo.

537 3333 737 3402 Ouod
807 3337 1024 3401 autem
1096 3334 1306 3400 Havet
1375 3334 1650 3400 omnino
1720 3351 1854 3399 non
1926 3335 2472 3405 animadvertisse
2544 3335 2822 3399 videtur.
2918 3335 3127 3401 Immo
3171 3339 3311 3403 fieri

327 3419 560 3509 potuit,
628 3427 697 3489 ut
740 3424 1086 3490 Terentius
1145 3423 1424 3489 consilio
1492 3440 1718 3489 verum
1769 3424 2067 3489 ordinem
2115 3441 2425 3490 versuum
2475 3427 2890 3507 sequentium
2942 3427 3315 3511 neglegeret

328 3518 394 3579 et
442 3513 728 3578 sermoni
777 3514 1112 3579 cotidiano
1158 3512 1594 3597 familiarique
1640 3514 1857 3578 locum
1935 3513 2269 3595 quendam
2319 3515 2730 3579 concederet.
2826 3511 3058 3579 Parum
3115 3515 3309 3579 etiam

326 3601 675 3687 probabile
721 3606 820 3668 est
867 3603 932 3666 in
982 3619 1116 3667 uno
1165 3601 1536 3684 eodemque
1581 3619 1776 3666 versu
1824 3602 2123 3667 ordinem
2170 3602 2521 3668 verborum
2574 3603 2982 3667 immutatum
3058 3610 3123 3667 et
3191 3623 3307 3687 pro

324 3692 507 3757 arch.
555 3690 767 3756 forma
815 3690 1160 3774 perspexis
1213 3690 1701 3774 „perspexeris“
1754 3691 2070 3773 scriptum
2141 3708 2309 3757 esse.

545 3776 614 3846 Si
658 3779 1004 3845 Terentius
2223 3804 2224 3807 ¹

1085 3868 1314 3947 „cuius
1362 3869 1431 3933 tu
1477 3866 1678 3932 fidem
1730 3867 2076 3951 perspexis
2125 3868 2190 3933 in
2241 3867 2558 3950 pecunia“

336 3961 409 4024 ut
454 3957 532 4023 H.
580 3956 738 4037 vult,
812 3957 1208 4041 scripsisset,
1277 3960 1449 4022 certe
1524 3974 1758 4023 versus
1804 3960 2047 4023 rectam
2099 3974 2439 4022 caesuram
2488 3959 2834 4023 continens
2886 3959 2970 4023 ita
3022 3963 3319 4023 servatus

337 4049 562 4127 esset3
633 4063 784 4112 nam
857 4047 1037 4111 nullo
1110 4046 1312 4111 modo
1380 4046 1593 4110 forma
1667 4047 2087 4129 „perspexis“
2168 4045 2504 4113 offendere
2554 4047 2802 4131 potuitss.
2854 4051 3014 4111 tales
3066 4051 3319 4131 priseae

333 4136 701 4202 Latinitatis
743 4136 995 4201 formas
1041 4137 1223 4218 apud
1268 4134 1643 4200 Terentium
1695 4135 1966 4217 saepius
2013 4136 2339 4220 legimus:
2387 4139 2782 4220 appellassis
2834 4139 3095 4203 Pherm.
3149 4139 3319 4211 542:

329 4226 549 4290 ausim
598 4224 765 4291 Eun.
814 4225 948 4290 884
993 4227 1057 4289 et
1103 4224 1278 4290 904:
1326 4223 1481 4289 faxo
1527 4222 1727 4293 Andr.
1775 4225 1927 4302 854,
1978 4223 2144 4290 Eun.
2210 4224 2361 4302 285,
2410 4225 2562 4299 663,
2614 4227 2806 4291 Haut.
2858 4227 3006 4303 341,
3058 4227 3323 4291 phorm.

332 4315 489 4393 308,
546 4314 734 4392 1028,
792 4314 981 4391 1055,
1027 4310 1148 4378 Ad.
1199 4313 1350 4390 209,
1395 4314 1572 4392 847;
1617 4312 1817 4378 faxim
1866 4311 1989 4378 Ad.
2039 4314 2191 4394 887,
2240 4314 2414 4395 8963
2461 4313 2630 4379 faxis
2678 4315 2874 4379 andr.
2926 4315 3074 4395 1¹53,
3131 4315 3323 4383 I-Iaut.

344 4404 510 4482 1873
555 4402 716 4468 faxit
766 4402 958 4467 Haut.
1019 4402 1161 4480 198,
1198 4400 1462 4467 Phorm.
1495 4402 1669 4481 554;
1715 4401 1923 4469 faxint
1956 4402 2147 4468 Haut.
2204 4403 2349 4481 161,
2401 4402 2558 4468 HeC.
2618 4407 2758 4479 102.
2810 4404 2978 4483 354;
3030 4407 3323 4471 excessis

330 4492 535 4558 Andr.
586 4491 737 4557 760.
830 4489 961 4568 Qui
994 4508 1228 4556 versus
1273 4490 1657 4573 scriptorem
1689 4492 1789 4557 vel
1835 4491 2337 4576 grammaticum
2365 4496 2650 4557 veterem
2702 4511 2830 4555 nen
2882 4495 3319 4571 offenderunt,

334 4582 403 4646 in
445 4583 681 4658 nostro
726 4597 921 4645 versu
970 4580 1118 4645 solo
1168 4579 1326 4644 illud
1379 4580 1869 4659 „consciement
1918 4598 2005 4647 ou
2041 4584 2214 4645 non“
2266 4579 2510 4646 factum
2558 4599 2706 4647 esse
2758 4587 2938 4663 putat
2990 4583 3062 4647 Η,
3119 4583 3319 4659 Quod

331 4672 795 4756 argumentum
860 4686 993 4734 non
1042 4668 1370 4753 intellego.

552 4757 754 4836 Quod
800 4758 886 4823 ad
935 4758 1151 4823 stilum
1204 4758 1501 4840 pertinet,
1551 4774 1633 4822 ne
1682 4757 1748 4821 id
1798 4758 2068 4841 quidem
2120 4757 2435 4823 momenti
2506 4759 2662 4823 milii
2714 4779 2858 4823 esse
2930 4759 3187 4823 videtur
3259 4763 3319 4823 in

337 4849 466 4913 hoc
535 4865 732 4914 versu
807 4846 1081 4913 verbum
1166 4847 1615 4930 „perspicere“
1691 4847 2060 4912 seiunctum
2134 4863 2283 4911 esse
2351 4864 2392 4912 a
2455 4864 2523 4912 re
2570 4851 2830 4911 obieeta
2886 4851 3207 4923 „fidem“;
3263 4851 3323 4911 id

338 4938 537 5022 plane
586 4953 817 5021 parum
869 4939 1130 5020 poetam
1186 4936 1557 5019 respexisse
1606 4935 1861 5019 opinor.
