3784 5550
851 410 1005 473 ..7.-

740 584 923 664 145-146,
948 586 1136 653 502-503.

294 706 342 773 Ex
365 709 500 787 ratione,
528 725 594 792 qua
619 707 658 773 H.
682 725 800 775 versus
816 709 950 775 84-86
965 713 997 774 et
1017 709 1189 775 145-146
1205 709 1363 788 tractavit,
1380 709 1467 775 clare
1483 709 1679 796 intellegitur

185 797 275 862 hunc
299 797 405 862 virum
431 798 565 863 doctum
591 799 704 862 contra
727 815 859 864 omnem
876 798 1060 864 doctrinam
1084 798 1312 882 rationemque
1335 798 1545 863 scientiarum
1569 814 1677 882 agere.

301 885 411 952 Lectio
435 886 526 951 libris
550 886 685 952 traditur
709 886 812 952 haec:

295 966 357 1040 Da.
380 973 470 1055 Quid
494 974 713 1060 paedagogus
744 975 807 1055 ille,
835 974 893 1058 qui
917 974 1155 1040 citharistriam.

293 1063 385 1142 Quid
408 1064 454 1129 rei
478 1062 590 1150 gerit?
614 1061 674 1130 Ge.
700 1059 765 1142 Sic,
789 1064 936 1130 tenuiter.
961 1062 1024 1129 Da.
1048 1064 1125 1130 Non
1149 1063 1286 1130 multum
1311 1063 1420 1142 habet,

295 1150 396 1232 Quod
420 1153 485 1232 det,
510 1152 681 1218 tortasse?
727 1149 788 1220 Ge.
819 1152 923 1218 lmmo
948 1153 992 1219 nil
1017 1154 1081 1219 nisi
1104 1171 1199 1236 spem
1224 1157 1358 1218 meram.

296 1240 330 1306 ln
353 1258 452 1307 versu
481 1241 542 1307 146
566 1241 707 1326 legimus
731 1241 857 1320 „lmmo
881 1241 925 1307 nil
952 1292 959 1307 .
985 1293 992 1308 .
1019 1293 1026 1306 .
1051 1245 1208 1321 meram“,
1247 1242 1372 1308 omissa
1405 1257 1488 1306 voce
1504 1287 1508 1294 .
1524 1240 1677 1319 „habet.“

184 1330 320 1396 illatum
361 1333 438 1413 post
474 1329 674 1397 vocabulum
713 1330 897 1409 „iortasse“
935 1330 969 1395 in
1008 1331 1092 1397 thesi
1131 1331 1276 1415 positum
1310 1346 1473 1415 personae
1495 1330 1677 1395 mutatione

175 1419 336 1496 ,excusari
359 1419 484 1502 optime
507 1419 651 1485 ostendit
687 1417 819 1485 Hauler.
837 1418 861 1504 ¹)

292 1507 450 1574 llavetius
471 1511 581 1574 autem
607 1508 786 1574 lectionem
804 1508 895 1592 apud
920 1506 1078 1589 Nonium,
1103 1526 1135 1592 p.
1172 1509 1247 1586 344,
1271 1507 1423 1574 traditam
1446 1509 1562 1572 tenet:
1598 1506 1678 1571 nihil

182 1595 285 1661 habet
306 1597 371 1661 nisi
404 1613 497 1680 spem
530 1613 663 1662 meram.
711 1594 820 1676 Quam
844 1596 1062 1663 lectionemen
1085 1601 1117 1664 et
1139 1597 1383 1663 Fleckeisenius
1410 1593 1483 1682 ²)in
1500 1594 1678 1662 editionem

182 1703 279 1750 suam
323 1685 453 1769 recepit.
511 1682 577 1752 Sed
613 1685 678 1751 iam
730 1685 852 1751 Hauler
884 1685 1056 1769 aptissime
1100 1685 1330 1752 animadvertit
1361 1685 1498 1750 verbum
1535 1684 1679 1764 „habet‘
1749 1725 1752 1728 -

181 1772 339 1856 perfacile
361 1774 544 1858 aquodam
561 1774 777 1859 grammatico
799 1774 878 1840 addi
892 1775 1051 1857 potuisse,
1064 1775 1092 1840 si
1109 1775 1283 1840 omisimus
1296 1774 1332 1840 E.
1347 1772 1475 1839 Bartels
1488 1770 1514 1854 3)
1539 1790 1677 1856 corrup-

180 1863 307 1928 tionem
332 1865 441 1929 textus
464 1862 608 1929 Noniani
634 1881 692 1946 per
713 1865 844 1948 glossas
868 1863 1007 1947 eiusque
1030 1863 1235 1949 grammatici
1271 1863 1460 1929 socordiam
1493 1863 1526 1927 in
1559 1862 1676 1928 alienis

180 1951 412 2035 scriptoribus?
447 1951 624 2018 laudandis
656 1953 947 2031 demonstravisse,
983 1954 1019 2018 ut
1063 1970 1126 2018 nos
1161 1952 1297 2036 quidem
1330 1969 1396 2017 non
1437 1952 1676 2037 intellegamus,

181 2057 241 2105 cur
265 2038 305 2104 H.
341 2057 413 2106 eam
448 2041 621 2107 lectionem
654 2058 768 2107 rursus
804 2041 1000 2124 praetulerit.
1057 2041 1139 2107 lttihi
1174 2041 1309 2125 quidem
1343 2043 1510 2124 praeterea
1545 2039 1676 2106 Nonius

180 2128 323 2194 consilio
370 2129 507 2208 ,habel“
545 2129 724 2196 inseruisse
759 2130 897 2210 videtur,
932 2147 1009 2195 cum
1042 2130 1183 2196 iormam
1217 2147 1334 2197 versus
1383 2129 1446 2208 „nil
1481 2128 1544 2193 nisi
1579 2146 1674 2212 spem

180 2220 330 2284 meram“
357 2218 473 2284 durius
496 2221 527 2284 et
550 2219 703 2284 acerbius
726 2219 847 2286 dictam
872 2236 948 2284 esse
971 2219 1164 2303 putavisset.

286 2323 396 2390 Verbo
423 2324 562 2403 ,habet“
588 2326 698 2390 autem
723 2324 837 2392 addito
863 2324 902 2390 ll.
928 2342 1085 2391 numeros
1107 2342 1224 2392 versus
1248 2325 1403 2407 corrupit,
1427 2324 1522 2390 cuius
1545 2325 1677 2390 restitu-

177 2413 258 2478 endi
283 2430 384 2478 causa
408 2431 468 2497 pro
492 2414 642 2498 longiore
666 2413 850 2492 „iortasse“
874 2414 1141 2500 monosyllabum
1169 2414 1249 2480 illud
1274 2413 1385 2493 „iors“
1421 2413 1571 2480 coniecit.
1607 2411 1674 2481 Sed

178 2501 364 2580 „iortasse“
398 2504 448 2568 est
481 2502 577 2568 lectio
612 2501 776 2569 diiiicilior
808 2503 982 2569 codicibus
1016 2504 1145 2583 tradita,
1184 2521 1270 2586 quae
1305 2502 1404 2568 nobis
1437 2503 1580 2568 tenenda
1615 2505 1675 2581 est,

180 2591 245 2655 nisi
268 2591 475 2670 gravissimis
498 2592 609 2656 causis
634 2609 706 2657 eam
731 2595 857 2657 mutare
881 2593 1042 2677 cogimur.

287 2679 364 2745 ltem
404 2679 581 2746 oiienditur
606 2681 645 2745 Η.
669 2681 771 2746 verbo
796 2680 918 2759 „habet
941 2681 974 2745 in
1010 2700 1040 2746 v.
1068 2681 1140 2759 145,
1165 2680 1257 2764 quod
1291 2697 1367 2744 cum
1402 2696 1484 2745 voce
1523 2678 1672 2758 „adhuc“

178 2769 326 2845 mutavit,
362 2787 462 2852 quam
497 2769 541 2836 ab
576 2769 668 2835 initio
693 2769 746 2835 hic
769 2770 923 2853 scriptam
957 2769 1062 2836 tuisse
1085 2771 1187 2853 putat,
1213 2770 1246 2835 in
1278 2769 1373 2835 cuius
1397 2768 1506 2833 locum
1533 2767 1672 2847 „habet“

177 2856 277 2940 quasi
309 2856 426 2943 glossa
460 2859 634 2947 irrepserit.
682 2856 786 2925 Simili
822 2860 924 2924 modo
947 2859 1089 2942 explicat
1113 2859 1277 2937 ,tortasse'
1302 2860 1338 2922 ut
1360 2859 1507 2942 glossam
1533 2858 1674 2941 positam

176 2963 253 3012 esse
287 2964 358 3030 pro,
381 2947 484 3027 ,iors’.
540 2945 605 3025 Qui
641 2948 685 3012 ita
718 2966 759 3014 ex
781 2948 915 3014 arbitrio
940 2966 1003 3013 suo
1027 2948 1153 3014 ratione
1178 2948 1288 3014 critica
1311 2948 1420 3026 utitur,
1444 2948 1532 3012 certo
1557 2964 1675 3012 omnes

175 3052 296 3101 versus
318 3036 361 3101 ad
386 3053 481 3102 suam
505 3038 707 3103 voluntatem
731 3036 856 3121 fingere
885 3040 1004 3120 potest.

285 3122 335 3190 Ad
352 3142 437 3207 quas
452 3126 659 3191 coniecturas
675 3125 780 3191 Havet
794 3126 960 3191 adductus
982 3129 1043 3203 est,
1060 3126 1151 3208 quod
1169 3124 1351 3191 Phaedriae
1376 3123 1488 3206 inopia
1512 3125 1672 3207 pecuniae

176 3213 243 3278 iam
279 3230 377 3279 versu
409 3215 453 3280 84
487 3214 631 3281 dilucide
669 3218 927 3280 commemorata
961 3217 1021 3292 est,
1056 3231 1157 3297 quam
1194 3215 1238 3279 ob
1268 3231 1335 3278 rem
1361 3213 1501 3279 eandem
1526 3213 1672 3296 inopiam

177 3302 295 3367 iterum
319 3302 353 3367 in
378 3306 492 3368 nostro
515 3321 614 3369 versu
637 3320 787 3369 enarrare
811 3318 950 3369 necesse
974 3320 1041 3369 non
1065 3320 1140 3369 esse
1164 3302 1202 3367 Η.
1229 3305 1330 3386 putat.
1366 3300 1461 3380 Quae
1483 3301 1544 3368 iuit
1560 3318 1671 3381 causa,

176 3407 279 3473 quare
332 3388 533 3476 Schubertt)
570 3410 687 3458 versus
728 3393 900 3457 145-146
964 3393 1068 3458 eiecit.
1104 3390 1171 3459 Sed
1217 3392 1281 3457 iam
1320 3389 1478 3456 Dziatzko
1516 3393 1602 3456 recte
1641 3392 1674 3456 id

174 3479 303 3545 monuit
342 3484 473 3563 poetam
512 3481 653 3564 simplici
692 3483 723 3546 et
762 3481 900 3547 naturali
939 3481 1041 3547 modo
1091 3481 1263 3546 transitum
1313 3480 1421 3546 iacere
1469 3479 1512 3544 ad
1547 3483 1671 3563 patrem

175 3566 369 3634 Phaedriae.
417 3566 512 3648 Geta,
548 3587 634 3653 quae
666 3587 740 3635 cum
776 3569 965 3653 Antiphone
1003 3570 1115 3655 egerit,
1166 3568 1261 3635 Davo
1301 3569 1445 3653 exponit,
1486 3585 1671 3652 perquem

175 3658 431 3743 interrogantem
467 3659 623 3724 transitus
646 3658 770 3741 optime
793 3659 1032 3742 aptissimeque
1054 3658 1091 3724 iit
1114 3659 1157 3724 ad
1197 3659 1379 3741 sequentia.
1415 3654 1511 3736 Quae
1546 3656 1674 3723 Havetii

175 3745 375 3825 coniectura,
401 3764 603 3831 quamquam
629 3748 805 3832 splendida
829 3752 861 3813 et
872 3747 1143 3833 ingeniosissima
1166 3749 1360 3814 sententiam
1385 3747 1448 3812 loci
1471 3747 1543 3812 sine
1567 3745 1671 3812 dubio

175 3834 297 3900 clarius
321 3836 482 3919 exprimit,
506 3839 616 3902 tamen
652 3837 742 3902 nullo
782 3837 883 3903 modo
908 3835 1040 3919 probari
1066 3840 1185 3919 potest,
1210 3854 1310 3919 quam
1335 3836 1472 3901 obrem
1498 3836 1672 3901 lectionem

173 3923 338 4004 traditam,
362 3941 449 4007 quae
474 3926 570 4007 plane
595 3926 806 4009 perspicuum
831 3926 968 4009 praebet
991 3942 1139 4005 sensum,
1185 3925 1383 3992 tenebimus.

283 4028 388 4096 Simili
428 4032 529 4096 modo
567 4048 684 4098 versus
732 4033 829 4098 502-
844 4033 909 4099 503
949 4036 1123 4116 corruptos
1167 4049 1241 4098 esse
1280 4030 1320 4097 H.
1360 4034 1462 4114 putat,
1501 4049 1588 4117 quos
1626 4031 1671 4098 ita

177 4119 356 4185 emendare
372 4124 512 4186 conatus
533 4123 582 4186 est
598 4140 605 4187 ε

283 4206 320 4273 Μ
332 4208 341 4273 i
355 4226 376 4292 q
390 4226 440 4274 ue
464 4209 473 4273 i
487 4210 495 4273 l
513 4210 553 4275 le
577 4210 618 4275 al
633 4210 674 4274 ia
697 4226 715 4274 c
731 4227 797 4274 um
822 4213 1005 4292 occupatus
1029 4213 1116 4275 esset
1140 4210 1370 4296 sollicitudine,

281 4295 366 4362 Tum
402 4299 466 4363 hoc
505 4315 580 4364 esse
604 4298 768 4364 obiectum
795 4298 938 4364 malum!
975 4336 1017 4345 —
1041 4297 1131 4377 Quid
1156 4300 1239 4365 istuc
1264 4302 1314 4364 est
1337 4302 1446 4365 autem
1483 4295 1673 4364 Phaedria?

283 4382 495 4470 Quamquam
531 4387 680 4453 concedo
716 4388 937 4453 coniecturam
962 4387 1048 4453 illius
1065 4389 1125 4454 viri
1160 4388 1344 4454 doctissimi
1368 4386 1670 4471 ingeniosissimam

176 4490 264 4553 esse,
281 4476 392 4540 tamen
408 4491 508 4559 quam
534 4474 655 4541 Hauler
670 4476 703 4541 in
727 4476 872 4541 editione
895 4493 958 4541 sua
974 4476 1109 4558 praebet
1132 4494 1248 4543 versus
1270 4477 1410 4542 formam
1447 4476 1669 4558 recipiendam

177 4578 254 4628 esse
288 4567 380 4646 put0,
416 4564 508 4647 quod
544 4568 575 4630 et
610 4564 772 4629 sententia
805 4581 922 4630 versus
959 4566 1042 4630 satis
1075 4567 1161 4633 clare
1196 4565 1387 4648 exprimitur
1413 4568 1445 4630 et
1468 4566 1550 4630 haec
1573 4565 1669 4631 lectio

286 4684 306 4823 2))
323 4684 358 4811 cg.
376 4684 1085 4823 {erlelgluilelgfffcglrffgffdlglgsregmrttmsslgcallcgeisiz,
1103 4756 1214 4827 lipsiae
1230 4758 1306 4826 1898,
1316 4758 1458 4814 Teubner.

236 4832 239 4843 ’
282 4826 303 4895 ⁸)
324 4826 355 4883 E.
378 4826 496 4893 Bartels,
516 4828 586 4883 drss.
604 4826 717 4897 Argent.
736 4827 794 4894 ΙΧ.,
811 4828 855 4883 43.

283 4898 305 4968 ⁴)
342 4896 377 4953 0.
396 4898 543 4967 Schubert,
563 4898 658 4969 Symb.
678 4900 723 4954 ad.
741 4898 807 4955 Ter.
829 4899 951 4968 emend,
970 4914 996 4968 p.
1019 4900 1059 4954 14.
