3784 5550
1647 442 1999 508 -13-

325 641 421 688 un
462 628 650 688 'sens
716 620 893 700 clair,
963 619 1140 686 faute
1214 619 1414 685 d’une
1484 619 1908 704 conjonction
1978 619 2126 684 telle
2197 637 2328 702 que
2398 621 2567 700 „si“,
2619 622 2824 700 ‚,ubi“
2903 639 2990 686 ou
3062 624 3328 698 „cum“.

324 711 565 778 Haveti
635 710 1039 796 opinionem,
1089 725 1223 792 qua
1267 708 1667 774 vocabulum
1719 712 2080 787 „causam“
2131 709 2358 793 glossa
2429 714 2694 792 putatur
2742 710 2858 794 (ef.
2906 730 2966 774 ν.
3046 714 3175 774 225
3243 714 3331 778 ad

322 800 828 867 defendundam
877 796 1171 883 noxiam)
1220 797 1349 862 iam
1400 796 1716 862 Dziatzko
1763 798 1828 862 in
1878 797 2170 862 medium
2239 799 2525 881 protulit.
2621 798 2698 863 H.
2754 802 2926 862 hane
2976 802 3319 866 lectionem

325 888 656 974 praefert:
750 888 870 954 Hic
927 888 993 953 in
1042 887 1239 952 noxia
1273 887 1376 965 sit,
1426 886 1531 952 ille
1572 886 1659 951 ad
1707 886 2201 952 defendundam
2253 887 2448 953 adsit.
2500 886 2653 967 Sed,
2710 890 2894 970 qued
2946 890 3074 954 iem
3126 906 3327 970 supra

322 979 957 1056 demonstravimus,
1004 976 1243 1042 tradita
1287 993 1522 1041 versus
1565 975 1779 1041 forma
1827 975 1993 1040 satis
2043 976 2409 1058 probabilis
2480 979 2543 1042 et
2588 982 2766 1042 reeta
2818 982 2934 1054 eet,
2986 998 3183 1062 quam
3235 978 3335 1042 eb-

321 1085 470 1134 rem
517 1066 762 1132 talibus
806 1065 1283 1131 mutationibus
1312 1081 1486 1147 opus
1532 1081 1666 1129 non
1716 1066 1834 1143 est,
1884 1081 2291 1148 quamquam
2343 1082 2477 1130 non
2527 1066 2910 1151 negandum
2962 1070 3086 1130 hee
3122 1066 3343 1130 medo

320 1173 595 1222 versum
643 1154 784 1220 fieri
829 1171 1064 1238 purum
1115 1154 1640 1236 sententiamque
1712 1153 1926 1238 magis
1973 1153 2435 1237 perspicuam;
2488 1171 2623 1220 non
2670 1162 2894 1222 autem
2946 1162 3046 1222 est
3094 1174 3339 1222 versus.

323 1245 594 1312 Terenti
645 1244 765 1310 sed
831 1243 1110 1310 Havetii.
1173 1310 1176 1312 ,

1643 1367 2020 1434 293-295.

2300 1491 2494 1558 Mitto
2540 1494 2762 1558 omnia

982 1580 1089 1646 Do
1136 1582 1304 1646 istuc
1350 1579 1783 1663 „imprudens
1831 1579 2047 1645 timuit
2091 1580 2553 1661 adulescens“,
2602 1583 2750 1647 sine

984 1669 1126 1750 „Tu
1185 1669 1503 1736 servo'S.“

558 1760 628 1825 ln
701 1778 896 1828 versu
973 1759 1104 1825 293
1180 1757 1411 1823 Bemb.
1493 1757 1756 1824 exhibet
1822 1757 2114 1838 „addo.“
2209 1756 2411 1836 Quod
2487 1760 2613 1824 hoc
2690 1762 3022 1826 vocabule
3098 1778 3347 1826 verene.

331 1851 760 1917 numerosior
824 1849 918 1928 fit,
990 1865 1226 1914 omnes
1296 1847 1582 1912 editores
1630 1864 1750 1929 pro
1799 1847 2066 1926 „addo“
2116 1847 2524 1930 scripserunt
2571 1848 2770 1927 ,‚do“,
2842 1870 2990 1914 eum
3062 1850 3327 1930 „addest

331 1959 420 2006 ex
470 1940 647 2020 ,‚do“
695 1956 812 2022 per
859 1936 1371 2022 dittographiam
1443 1937 1761 2019 scriptum
1809 1935 2001 2001 facile
2048 1936 2361 2018 explicari
2412 1938 2644 2021 possit.
2742 1938 2822 2002 H.
2870 1938 3050 2002 addo
3098 1938 3331 2006 dividit

331 2034 402 2095 et
447 2028 742 2109 „ac-do‘·
775 2027 992 2112 legere
1021 2026 1181 2105 vult,
1231 2025 1421 2090 cuius
1469 2027 1721 2107 partem
1755 2025 2038 2108 priorem
2088 2027 2253 2103 ,‚ac“
2302 2026 2369 2090 in
2416 2025 2551 2091 fine
2597 2046 2830 2093 vei-sue
2882 2030 3343 2094 antecedentis.

334 2118 546 2202 ponit.
639 2114 791 2194 Qua
834 2115 1083 2181 ratione
1131 2114 1536 2199 assyndeton
1597 2114 1759 2184 illud
1807 2113 2134 2196 optimum
2185 2113 2690 2180 mitto-do-sine
2742 2118 2934 2198 plene
2986 2118 3235 2182 deletur
3267 2122 3331 2182 et

334 2223 543 2291 prava
587 2205 943 2291 gravisque
977 2204 1357 2269 coniunctio
1389 2202 1482 2268 fit.
1532 2200 1701 2270 Cum
1736 2205 1963 2268 nostra
1994 2203 2186 2268 lectio
2233 2202 2546 2269 facillima
2596 2206 2958 2270 mutatione
3010 2206 3339 2270 efficiatur·

334 2299 403 2362 et
452 2296 620 2361 ultro
669 2294 987 2377 optimam
1037 2293 1351 2376 praebeat
1398 2292 1788 2358 sententiam
1838 2308 1976 2358 non
2026 2309 2199 2375 opus
2246 2294 2345 2357 est
2395 2309 2570 2358 nova
2618 2294 3038 2358 cenieetura:

2373 2380 2567 2447 Mitto
2616 2386 2838 2448 omnia
2886 2402 2962 2446 ae

987 2469 1094 2536 Do
1138 2469 1326 2549 istuc,
1377 2469 1827 2553 „imprudenS,
1873 2469 2153 2535 timuit.“
2204 2468 2698 2549 „Adulescens“
2770 2474 2938 2550 sine,

987 2559 1086 2624 Tu
1137 2561 1474 2638 „servus“.

554 2649 873 2716 Videmus
951 2648 1343 2715 divisionem
1418 2650 1480 2713 et
1548 2647 2057 2729 dispositionem
2128 2647 2479 2712 verborum
2549 2648 2635 2713 ab
2682 2650 2958 2714 Havetie
3010 2650 3339 2730 [arelatem-

335 2741 548 2807 multo
618 2737 948 2806 duriorem
1025 2737 1381 2821 minusque
1453 2736 1586 2803 veri
1659 2735 1941 2802 similem
2019 2752 2166 2803 esse
2238 2753 2438 2819 quam
2513 2735 2858 2803 lectienem
2910 2738 2994 2802 eb
3046 2738 3347 2802 flatilem·-

335 2830 707 2914 probatam.

1761 2952 1801 3016 3
1816 2951 1896 3016 10

1484 3073 1773 3158 Antipho
1821 3075 1935 3139 ubi
1985 3092 2158 3139 nunc
2208 3075 2369 3140 est?
2416 3112 2499 3119 —
2550 3075 2754 3141 Foris,
2806 3115 2890 3119 —

776 3164 922 3245 Abi,
971 3162 1318 3241 Phaedria,
1367 3180 1516 3228 eum
1567 3164 1823 3246 require
1868 3166 2067 3246 atque
2115 3165 2243 3229 huc
2290 3164 2571 3230 adduce.
2626 3201 2710 3211 —-
2762 3163 2898 3231 Ee:

767 3253 966 3325 Recta
1011 3253 1118 3319 via
1166 3251 1434 3335 quidem
1485 3252 1656 3317 illuc.
1705 3288 1791 3297 —
1839 3251 2100 3335 Nempe
2147 3253 2231 3317 ad
2283 3251 2718 3336 Pamphilam.

554 3342 624 3408 ln
669 3360 870 3410 versu
918 3342 1050 3409 310
1097 3358 1333 3407 omnes
1379 3341 1650 3407 codices
1698 3340 1938 3420 „illuc“
2020 3342 2356 3424 praebent.
2454 3340 2670 3419 Quam
2722 3363 2950 3411 vocem
3006 3347 3066 3407 et
3114 3343 3339 3407 Havet·

332 3431 753 3513 „indifferent
797 3449 882 3497 au
931 3448 1088 3497 sens
1137 3433 1198 3495 et
1244 3447 1329 3495 au
1378 3430 1622 3495 m'etre“
1670 3447 1820 3495 esse
1869 3430 2193 3495 concedit.
2289 3430 2541 3496 Tamen
2615 3450 2734 3515 pre
2790 3435 3022 3511 ‚,illue“
3074 3451 3323 3515 petiere

328 3523 471 3588 vult
520 3522 718 3601 ‚,ibo“
767 3539 881 3604 per
930 3520 1173 3585 Donati
1223 3519 1646 3603 scriptionem
1708 3518 1929 3598 ,‚illo“.
2026 3517 2226 3596 Quod
2276 3521 2404 3585 sibi
2469 3519 2846 3587 faciendum
2922 3539 3066 3587 esse
3142 3527 3327 3603 putat

333 3611 441 3690 H„
509 3628 659 3676 cum
731 3613 988 3676 servata
1053 3608 1330 3674 lectione
1407 3607 1646 3673 tradita
1724 3608 2090 3674 sententiae
2169 3626 2473 3674 connexu
2552 3609 2910 3675 difficultas
2982 3611 3324 3675 efficiatur.

332 3699 680 3778 Phaedria,
742 3698 954 3783 inquit
1026 3698 1254 3776 Havet,
1322 3714 1554 3763 cavere
1621 3697 1839 3775 debet,
1916 3714 1998 3762 ne
2046 3715 2119 3762 se
2169 3698 2337 3763 scire
2388 3699 2814 3779 demonstret,
2870 3699 2982 3763 ubi
3034 3699 3327 3783 antipho

332 3791 642 3867 moretur,
720 3788 788 3853 id
864 3787 1048 3871 quod
1126 3804 1207 3851 ex
1301 3786 1695 3870 pronomine
1775 3787 2017 3864 „illuc“
2098 3786 2513 3872 intellegitur.
2638 3786 2806 3855 Mihi
2886 3795 3102 3855 autem
3187 3807 3327 3855 neni

331 3876 752 3943 manifestum
827 3879 945 3954 est,
995 3894 1109 3941 cur
1156 3873 1480 3941 Phaedria
1529 3877 1656 3941 hoc
1725 3893 1798 3941 se
1846 3875 2013 3940 scire
2062 3893 2194 3941 non
2244 3876 2686 3955 demonstret;
2758 3883 3042 3943 ceterum
3129 3879 3323 3959 plene

331 3966 476 4031 fieri
547 3969 785 4049 potest,
863 3969 931 4030 ut
1002 3964 1326 4029 Phaedria
1391 3964 1517 4029 hoc
1593 3964 1826 4029 dixerit
1874 3964 2077 4048 patris
2126 3965 2431 4049 placandi
2482 3983 2702 4031 causa.
2802 3967 3018 4047 Leetie
3070 3967 3331 4031 ceditis.

332 4056 603 4138 quidem
674 4054 855 4120 omni
925 4071 1006 4119 ex
1081 4056 1263 4137 parte
1340 4053 1515 4118 clara
1580 4055 1642 4118 et
1711 4054 2046 4119 credibilis
2124 4054 2281 4118 mihi
2329 4054 2606 4121 videtur.
2706 4055 2818 4123 Sin
2870 4075 3018 4119 eum
3070 4055 3147 4119 Η.
3203 4075 3327 4139 pro-2

332 4145 574 4223 „illuc“
631 4144 913 4228 legimus
942 4144 1163 4222 ‚,ibo“,
1193 4142 1349 4208 nihil
1399 4141 1786 4225 proficimus
1817 4142 2422 4221 ,cum'locutionem
2457 4144 2632 4209 illam
2670 4151 2890 4223 ..reeta
2922 4147 3029 4211 via
3054 4147 3327 4227 quidem

332 4234 513 4313 ibo“‚
586 4233 890 4316 quisquis
963 4232 1233 4310 audivit,
1304 4235 1483 4296 certo
1536 4232 1827 4316 genuina
1875 4232 2144 4297 notione
2190 4233 2538 4315 acceperit,
2589 4233 2738 4299 diee·
2790 4235 3054 4299 netiene
3106 4239 3323 4299 certae

331 4322 733 4401 directionis,
802 4322 930 4401 viX,
1001 4324 1181 4405 puto,
1254 4321 1606 4404 quisquam
1674 4338 1846 4386 cum.
1922 4320 2001 4385 Η.
2073 4322 2534 4404 interpretatus
2603 4324 2730 4387 sit:
2802 4327 2862 4407 je
2914 4323 3054 4387 veie
3102 4323 3331 4387 eeurir·

328 4413 524 4495 apres
568 4411 658 4476 lui
707 4428 864 4476 sans
912 4428 1017 4476 me
1063 4409 1434 4474 detourner.
1530 4408 1784 4474 Havetii
1832 4409 2227 4489 coniectura,
2278 4428 2429 4476 cum
2480 4411 2722 4491 „illuc“
2774 4411 3086 4475 erunibus
3138 4411 3327 4479 libris-2.

330 4502 638 4567 traditum
667 4502 729 4565 et
752 4503 1089 4583 praeterea
1109 4499 1300 4564 lectio
1326 4498 1653 4565 difficilior
1679 4498 1780 4576 sit,
1810 4500 2169 4564 utarbitrio
2196 4500 2340 4565 eius
2367 4502 2513 4566 solo
2562 4504 2625 4566 et
2651 4503 2894 4579 etudine,
2926 4519 3058 4583 que
3086 4519 3331 4567 enimes

329 4589 515 4655 locos
563 4607 644 4655 ex
690 4606 814 4654 sua
860 4589 1182 4654 sententia
1229 4590 1292 4653 et
1337 4589 1588 4653 ratione
1636 4587 2111 4670 interpretatur,
2160 4588 2452 4671 perlecta
2496 4591 2634 4654 tota
2686 4591 3042 4655 abicienda.
3086 4595 3215 4655 eet.

1746 4712 1899 4777 333.

754 4816 915 4904 Aliis
981 4838 1247 4903 aliunde
1295 4839 1396 4902 est
1444 4836 1783 4919 periclum,
1837 4836 2014 4902 unde
2060 4837 2310 4920 aliquid
2358 4837 2590 4903 abradi
2649 4843 2910 4921 pet-eet:

760 4927 924 4993 Mihi
972 4928 1189 4993 sciunt
1234 4927 1390 4992 nihil
1443 4944 1611 4993 esse.
