3784 5550
887 418 1064 484 ...14-

334 592 368 657 ln
384 593 447 659 boc
470 611 567 658 versu
585 593 625 660 H.
649 595 763 660 contra
777 593 950 660 lectionem
969 595 1126 661 omnibus
1142 594 1316 663 codicibus
1332 597 1492 660 servatam
1518 595 1723 675 „alicunde8

226 698 350 765 ponere
384 683 453 750 vult
487 699 547 765 pro
572 683 760 762 ,‚aliunde“
785 686 959 766 propterea
981 684 1072 767 quod
1087 684 1203 763 „aliis“
1228 684 1492 763 cum,‚aliunde“
1515 688 1584 750 tota
1607 689 1724 751 careat

227 769 398 838 sententia.
422 769 488 838 Sed
512 771 607 850 „aliis
630 772 763 837 aliunde
787 775 836 837 est
859 772 1040 855 periclum“
1064 773 1228 839 declarat:
1251 774 1326 839 aliis
1349 791 1390 839 ex
1413 773 1479 838 alio
1502 772 1577 838 loco
1600 774 1651 840 vel
1678 791 1724 839 ex

226 860 289 925 alia
312 863 403 944 parte
418 859 576 944 periclum
593 862 653 939 est,
678 862 766 927 unde
789 861 914 943 aliquid
931 861 1047 928 abradi
1071 865 1189 945 potest,
1214 861 1293 928 mibi
1315 864 1425 927 autem
1450 880 1490 928 ex
1512 863 1602 928 nulla
1625 866 1724 946 parte

226 948 383 1032 periclum
420 966 494 1015 esse
527 950 646 1032 potest,
683 949 774 1033 quod
809 949 916 1016 sciunt
952 951 1031 1016 mibi
1067 951 1146 1016 nihil
1178 969 1263 1017 esse.
1309 949 1444 1016 Accedit
1467 951 1558 1034 quod
1581 951 1723 1017 aliunde

226 1055 301 1103 cum
336 1054 419 1103 voce
458 1038 574 1118 ,‚aliis“
611 1039 823 1104 coniunctum
865 1040 999 1123 saepius
1033 1040 1197 1125 legimus:
1243 1039 1389 1107 Naevius
1412 1041 1503 1123 apud
1527 1039 1659 1106 Festum
1687 1059 1721 1123 p.

230 1126 310 1192 135:
357 1123 462 1194 Simul
485 1126 570 1192 alius
592 1127 726 1193 aliunde
740 1127 893 1193 rumitant
923 1129 1006 1194 inter
1022 1146 1079 1208 se;
1104 1127 1170 1194 liv.
1194 1129 1249 1208 44,
1277 1129 1315 1194 12
1339 1129 1393 1194 alii
1415 1129 1549 1194 aliunde
1571 1129 1723 1195 coibant.

226 1213 363 1294 Seneca,
398 1216 440 1281 de
479 1216 568 1282 brev.
600 1216 655 1284 vit.
694 1218 732 1282 16
764 1216 897 1282 aliunde
930 1218 995 1282 alio
1028 1217 1271 1304 transfugiunt;
1296 1216 1379 1284 Ptin.
1403 1218 1435 1284 3.
1460 1218 1491 1284 3.
1519 1218 1558 1284 13
1580 1218 1722 1284 aliunde

224 1305 298 1371 aliis
322 1304 493 1369 exordium
517 1308 577 1370 est.

332 1390 486 1460 Ceterum
503 1394 665 1460 sententia
682 1410 749 1459 non
772 1394 869 1461 valde
884 1397 1027 1461 mutatur
1051 1395 1120 1460 sive
1135 1395 1268 1461 aliunde
1292 1394 1361 1461 sive
1384 1394 1540 1461 alicunde
1563 1394 1721 1480 legimus.

226 1479 284 1550 Sin
323 1481 363 1547 H.
402 1481 481 1548 dicit
518 1483 714 1562 ,‚alicunde“
753 1501 828 1548 cum
863 1484 1032 1568 „aliquid“
1071 1487 1220 1567 spectare
1255 1501 1300 1548 un
1334 1485 1389 1569 jeu
1424 1484 1466 1549 de
1499 1484 1593 1569 style,
1626 1485 1720 1550 idem

225 1570 424 1637 contendere
474 1584 665 1653 possumus,
706 1572 734 1636 si
773 1572 927 1651 „aliunde
966 1609 1009 1618 -
1048 1573 1158 1638 unde“
1196 1574 1348 1658 legimus.
1410 1571 1519 1650 Quam
1559 1573 1604 1638 ob
1644 1589 1718 1639 rem

225 1659 399 1726 lectionem
425 1660 602 1739 ,‚aliunde“
624 1661 820 1726 tenebimus,

933 1785 1009 1851 342.

483 1906 571 1974 Dum
595 1909 654 1974 tibi
677 1909 714 1976 fit
737 1910 829 1993 quod
854 1911 992 1993 placeat,
1018 1911 1070 1975 ille
1094 1911 1248 1996 ringitur:
1263 1896 1307 1974 ¹tu
1332 1910 1450 1988 rideas,

487 1997 579 2064 Prior
602 1999 710 2077 bibas,
737 2000 826 2082 prior
850 1999 1053 2078 decumbas;
1078 2015 1161 2066 cena
1184 1998 1287 2064 dubia
1309 1999 1487 2083 apponitur
1511 2050 1518 2063 .
1545 2050 1552 2063 .
1578 2049 1586 2064 .

486 2084 575 2163 Quid
600 2087 684 2154 istuc
707 2088 800 2154 verbi
824 2088 901 2154 est?

337 2172 407 2254 „Ce
431 2177 516 2240 texte
540 2193 687 2260 suppose
712 2178 814 2261 qu’on
837 2177 907 2242 boit
930 2180 1029 2242 avant
1052 2177 1094 2242 de
1118 2194 1154 2242 se
1188 2179 1302 2242 mettre
1325 2177 1345 2241 a
1366 2177 1466 2242 table.
1490 2175 1535 2241 La
1559 2175 1718 2242 difficulte'

225 2262 444 2347 disparaitrait
467 2265 494 2328 si
519 2282 563 2330 on
587 2265 682 2345 lisait,
699 2284 759 2349 par
781 2266 941 2349 exemple,
959 2263 1091 2350 „(quin)
1114 2266 1203 2348 prior
1225 2265 1418 2344 decumbas,
1443 2283 1498 2330 car
1522 2265 1543 2330 il
1566 2284 1588 2350 y
1609 2265 1717 2330 aurait

226 2353 412 2437 gradation,
429 2356 461 2418 et
478 2369 537 2436 par
561 2353 767 2438 consequent
794 2355 824 2420 le
848 2355 969 2420 lecteur
985 2355 1083 2420 serait
1098 2354 1258 2419 aitrancbi
1281 2354 1323 2419 de
1346 2357 1435 2421 toute
1457 2353 1716 2437 pre'occupation

224 2441 518 2527 chronologique.“

335 2529 374 2597 H.
410 2531 442 2595 in
475 2531 617 2597 eundem
653 2531 772 2598 incidit'
800 2549 953 2610 errorem,
982 2549 1081 2614 quem
1106 2532 1171 2597 iam
1195 2532 1329 2614 saepius
1351 2531 1654 2610 animadvertimus,
1679 2535 1716 2596 ut

223 2636 356 2686 severas
408 2622 499 2705 leges
553 2620 679 2706 logicas
723 2621 757 2687 in
807 2621 950 2687 dictione
1005 2620 1134 2704 poetica
1179 2620 1328 2686 adhiberi
1374 2621 1461 2689 velit.
1531 2620 1714 2686 identidem

223 2710 569 2788 commemoravimus,
585 2713 709 2794 quanta
725 2711 758 2777 in
782 2711 896 2777 vitiati
917 2711 1095 2790 incurrunt,
1112 2711 1169 2794 qui
1186 2710 1394 2775 comoediam
1417 2710 1469 2777 vel
1486 2711 1713 2793 spectaculum

224 2798 386 2864 ludicrum
411 2802 479 2865 arte
503 2800 611 2884 logica
634 2800 738 2865 metiri
762 2801 886 2865 volunt.
934 2798 1146 2882 Quamquam
1183 2800 1216 2863 in
1241 2800 1303 2864 lroc
1325 2817 1423 2865 versu
1461 2798 1570 2882 „prior
1604 2798 1713 2877 bibas,

225 2886 313 2969 prior
329 2887 533 2953 decumbas“
560 2886 711 2974 legimus,
735 2892 845 2954 tamen
862 2888 953 2953 nullo
971 2889 1072 2954 modo
1088 2890 1281 2972 postulatur,
1307 2892 1341 2953 ut
1361 2888 1501 2972 bibatur,
1518 2888 1712 2971 priusquam

226 2975 454 3055 decumbatur,
489 2977 591 3042 immo
624 2975 858 3043 Phormionem
898 2977 1035 3055 „bibas“
1071 2977 1179 3060 priore
1214 2977 1288 3043 loco
1323 2977 1431 3043 dicere
1456 2980 1546 3061 puto,
1571 2977 1661 3060 quod
1686 2977 1717 3041 ei

228 3064 383 3145 ,bibere“
418 3065 579 3150 gravioris
602 3068 759 3131 momenti
783 3084 858 3133 esse
881 3066 1019 3132 videtur.
1068 3065 1195 3132 Havetii
1229 3065 1449 3131 coniecturam
1475 3067 1585 3149 „prior
1619 3065 1718 3131 bibas

225 3152 335 3238 (quin)
371 3154 459 3238 prior
493 3155 708 3234 decumbas“,
744 3157 795 3221 vel
829 3156 940 3239 „prior
973 3156 1071 3221 bibas
1106 3154 1207 3240 (edis)
1239 3156 1327 3238 prior
1361 3156 1572 3243 decumbas‘jf
1589 3154 1718 3219 etiarnsi

225 3260 342 3308 versus
381 3244 544 3309 sententia
581 3244 773 3328 gradatione
812 3245 918 3329 magis
957 3246 1133 3328 perspicua
1174 3244 1323 3322 efficitur,
1362 3249 1398 3309 ut
1435 3249 1717 3327 supervacaneam

227 3348 336 3415 neque
361 3333 581 3398 necessariam
607 3350 674 3398 non
698 3334 909 3416 accipiemus.

932 3458 1009 3524 373.

402 3579 549 3666 Dignum
574 3584 684 3647 autem
710 3583 773 3647 lroc
797 3581 894 3648 illost.
920 3620 961 3627 —
986 3581 1048 3647 Ain
1072 3582 1217 3660 tandem,
1242 3582 1384 3647 carcer?
1407 3616 1450 3627 -
1473 3578 1557 3647 Geta

334 3669 504 3737 Bentleius
527 3671 688 3753 particula
712 3672 890 3750 „tandem“
916 3670 1103 3750 offenditur,
1128 3688 1228 3754 quam
1252 3688 1327 3736 cum
1361 3670 1527 3737 vocabulo
1563 3673 1718 3749 ,‚tamen“

229 3759 375 3825 mutavit.
423 3756 490 3826 Sed
515 3759 637 3826 Hauler
675 3760 847 3843 aptissime
870 3760 1058 3827 ostendisse
1087 3760 1216 3827 videtur
1239 3758 1412 3826 lectionem
1437 3759 1588 3825 traditam
1627 3760 1720 3825 omni

228 3866 268 3914 ex
292 3851 382 3931 parte
416 3849 593 3915 tenendam
631 3866 715 3915 esse.
749 3849 789 3914 cl.
826 3868 858 3933 p.
896 3850 958 3916 ll9
994 3850 1045 3915 ed.
1070 3850 1142 3915 eius
1176 3850 1220 3915 ad
1244 3850 1332 3914 hunc
1355 3865 1498 3914 versum.
1524 3848 1720 3928 „Tandem“

228 3953 268 4003 ea
302 3937 464 4003 sententia
502 3938 686 4020 praeditum
722 3939 856 4021 saepius
892 3942 1077 4021 usurpatur,
1115 3941 1148 4003 ut
1171 3938 1434 4005 vehementiores
1455 3937 1556 4003 animi
1580 3935 1720 4003 attectus

232 4025 407 4111 significet,
428 4020 473 4091 ct.
496 4025 596 4092 Andr.
620 4027 697 4106 492,
722 4027 797 4107 875,
821 4027 908 4107 894;
934 4029 1009 4107 ,‚ain
1031 4028 1188 4093 tandem“
1212 4030 1326 4092 nostro
1349 4027 1423 4092 loco
1448 4029 1585 4110 excepto
1620 4026 1720 4092 etiam

228 4114 329 4180 Andr.
366 4116 432 4181 875
467 4116 638 4181 invenitur.
699 4115 826 4181 Havetii
863 4117 1084 4200 interpretatio
1119 4116 1194 4195 „ain
1230 4116 1363 4183 tandem
1399 4119 1449 4181 est
1481 4133 1548 4181 une
1572 4115 1719 4180 locution

230 4205 286 4287 qui
322 4221 357 4271 se
390 4207 539 4270 retrouve
573 4204 672 4270 Andr.
710 4206 786 4284 875,
822 4210 854 4272 et
889 4206 956 4289 qui,
993 4223 1072 4271 sans
1109 4206 1219 4284 doute,
1254 4222 1274 4270 a
1310 4203 1360 4269 e'td
1395 4203 1474 4269 tirde
1498 4202 1719 4288 precisement

229 4292 363 4359 d'ttndr.
403 4293 468 4359 875
505 4310 566 4379 par
607 4312 650 4359 un
688 4294 833 4360 reviseur
877 4295 1045 4378 antique“,
1084 4295 1174 4359 nullo
1215 4294 1316 4359 modo
1353 4292 1475 4358 sutticit
1512 4294 1720 4359 coniecturae

229 4380 479 4449 confirmandae
505 4380 642 4462 Havetii,
667 4383 724 4465 qui
749 4400 808 4466 pro
833 4384 991 4466 particula
1015 4383 1191 4462 „tandem“
1216 4383 1309 4466 ponit
1333 4385 1422 4462 „tu“.
1454 4382 1540 4447 Nam
1565 4383 1720 4449 inversu

230 4471 294 4536 875
318 4470 460 4537 Andriae
485 4488 552 4536 non
577 4472 609 4537 id
633 4472 740 4557 agitur
757 4472 957 4551 „d’attirmer
974 4489 1038 4537 une
1062 4471 1269 4555 proposition
1293 4472 1431 4555 precise,
1455 4471 1516 4536 sed
1539 4472 1718 4551 „tandem‘·

230 4562 418 4643 usurpatur,
444 4564 478 4625 ut
500 4560 631 4646 gravior
655 4561 755 4627 animi
780 4564 890 4627 motus
914 4562 1102 4645 explicetur.

936 4686 1012 4752 395.

596 4860 603 4875 .
630 4860 637 4874 .
664 4862 670 4875 .
696 4810 822 4894 primus
846 4827 938 4875 esses
963 4810 1150 4876 memoriter

276 4897 469 4964 Profer*nm
496 4900 636 4965 vestram
663 4916 769 4982 usque
792 4900 835 4965 ab
858 4916 922 4965 avo
946 4902 1045 4982 atque
1077 4902 1173 4965 atavo
1206 4898 1387 4983 proterens.
