3784 5550
901 386 1077 452 „18-

344 559 490 629 Omnino
529 564 638 627 autem
664 580 731 630 non
748 563 822 630 >veri
846 562 953 629 simile
976 565 1027 629 est
1048 561 1255 642 Phaedriam,
1279 562 1336 647 qui
1360 563 1503 630 maxime
1526 564 1645 631 anxius
1669 569 1729 643 est,

237 668 278 717 ne
312 653 456 716 amatam
491 651 628 730 amittat,
664 670 698 719 re
732 669 810 718 vera
845 652 993 718 oratione
1022 654 1092 718 arte
1115 653 1301 736 composita
1321 652 1423 735 loqui,
1447 652 1550 719 immo
1572 653 1731 719 sollicitus

237 742 343 806 estet
369 739 479 806 multis
503 757 579 807 cum
605 741 760 823 precibus
783 738 966 807 Dorionem
989 743 1113 820 exorat,
1137 744 1173 806 ut
1206 741 1347 807 consilio
1368 741 1517 807 absistat.

347 846 507 912 inlotam
533 847 715 913 orationem
739 847 863 930 optime
887 847 985 913 etiam
1010 847 1150 930 quadrat
1185 847 1334 913 ultimum
1357 848 1495 913 verbum
1521 851 1621 929 „tu“;
1655 866 1729 914 nam

239 934 403 1002 Phaedria
427 935 539 1001 multis
562 936 673 1002 verbis
689 935 937 1002 blandientibus
950 933 1187 1002 Phormionem
1206 937 1296 1002 nullo
1320 937 1436 1003 ordine
1458 937 1611 1003 adulatur
1632 940 1731 1021 atque

238 1025 385 1104 nomina,
411 1041 497 1107 quae
521 1022 551 1090 ei
575 1027 707 1109 praesto
732 1027 819 1104 sunt,
844 1024 1004 1108 deinceps
1020 1024 1151 1108 profert.
1176 1022 1280 1091 Dorio
1302 1028 1411 1090 autem
1436 1025 1578 1093 maxime
1600 1025 1732 1092 festinat

237 1118 269 1181 et
291 1112 488 1180 Phaedriam
527 1114 711 1197 interpellat
723 1133 731 1193 ;
794 1131 895 1197 quam
933 1114 979 1180 ob
1015 1132 1083 1180 rem
1122 1113 1249 1181 llavetii
1287 1114 1475 1181 coniectura
1514 1115 1729 1181 nullomodo

237 1203 411 1287 probanda
436 1205 496 1282 est,
513 1202 577 1269 nisi
600 1202 683 1268 forte
697 1219 830 1268 omnem
855 1203 1078 1288 cognitionem
1102 1206 1201 1286 atque
1225 1202 1373 1286 peritiam
1399 1206 1533 1269 naturae
1557 1204 1730 1270 hominum

236 1292 395 1376 mimique
418 1291 572 1358 Terentio
596 1291 734 1358 affuisse
763 1294 928 1375 putamus.

946 1433 1024 1500 499.

449 1555 566 1623 Adeon
590 1557 725 1643 ingenio
748 1574 824 1623 esse
847 1558 931 1623 duro
956 1560 988 1623 te
1011 1561 1111 1641 atque
1135 1557 1338 1640 inexorabili,

449 1645 493 1714 Ut
516 1663 625 1730 neque
648 1646 874 1712 misericordia
898 1663 1008 1730 neque
1031 1646 1185 1730 precibus
1208 1646 1326 1712 molliri
1348 1647 1472 1732 queas!

353 1734 422 1802 499
443 1735 561 1802 Adeon
585 1737 616 1801 te
640 1752 714 1802 esse
738 1735 972 1821 incogitantem
1001 1737 1100 1818 atque
1123 1735 1349 1818 inpudentem,
1374 1734 1546 1816 Phaedria,

451 1823 495 1892 Ut
519 1825 695 1908 phaleratis
718 1823 824 1890 ducas
846 1823 942 1890 dictis
966 1841 1019 1889 me
1042 1826 1075 1890 et
1098 1837 1206 1891 meam
1229 1824 1345 1890 ductes
1367 1825 1502 1911 gratiisl

345 1927 395 1996 Ex
418 1948 468 2010 eo,
497 1931 588 2014 quod
611 1949 641 1996 v.
665 1931 731 1997 497
754 1933 786 1997 et
808 1949 839 1996 v.
862 1931 929 1997 498
952 1931 1155 2014 respondent
1177 1930 1329 1998 versibus
1350 1931 1418 1998 499
1441 1934 1473 1997 et
1494 1931 1561 1997 500
1582 1934 1615 1997 et
1638 1931 1729 2014 quod

237 2022 370 2103 propter
392 2021 579 2096 vocativum
604 2019 810 2100 „Phaedria“
835 2019 868 2085 in
892 2040 922 2086 v.
945 2020 1013 2087 499
1036 2020 1146 2103 posito
1181 2019 1322 2086 tortasse
1345 2020 1377 2085 in
1402 2038 1498 2087 versu
1521 2020 1589 2086 497
1612 2021 1729 2086 similis

234 2109 406 2175 vocativus
441 2107 589 2188 ,‚Dorio“
624 2109 851 2194 expectandus
885 2113 945 2188 est,
976 2109 1017 2175 H.
1040 2109 1240 2175 vocabulum
1265 2106 1462 2175 Phaedriam
1485 2109 1518 2174 in
1541 2126 1640 2176 versu
1664 2109 1729 2174 490

235 2198 267 2262 in
291 2197 529 2264 dubitationem
566 2200 662 2264 vocat
685 2201 716 2264 et
739 2198 811 2263 eius
846 2199 920 2264 loco
944 2197 1065 2263 conicit
1087 2198 1143 2276 „id
1167 2197 1350 2280 postulas.“
1396 2195 1492 2275 Quae
1524 2214 1728 2281 quamquam

235 2303 356 2372 negare
380 2303 447 2352 non
471 2303 653 2370 possumus
678 2286 759 2352 satis
782 2286 903 2352 claram
945 2287 1141 2352 sententiam
1164 2289 1264 2369 atque
1298 2287 1550 2369 responsionem
1586 2285 1726 2364 efficere,

233 2379 344 2442 tamen
378 2375 517 2441 omnino
551 2392 617 2440 non
652 2375 827 2455 habemus,
859 2393 917 2441 cur
950 2393 971 2440 a
1006 2375 1174 2442 communi
1209 2374 1358 2440 omnium
1394 2375 1551 2441 librorum
1588 2375 1727 2443 lectione

234 2464 440 2544 recedamus,
480 2481 566 2548 quae
590 2482 648 2548 per
671 2482 708 2530 se
732 2464 856 2530 nullam
881 2465 1125 2548 corruptionem
1160 2463 1314 2542 ostendit,
1350 2463 1541 2547 praesertim
1575 2481 1652 2530 cum
1690 2465 1727 2530 Η.

234 2554 455 2620 coniecturam
473 2570 568 2619 suam
587 2571 652 2619 non
671 2554 734 2620 nisi
749 2554 802 2619 his
824 2553 935 2619 verbis
951 2553 1091 2637 probat:
1113 2553 1150 2637 Je
1166 2553 1309 2633 restitue,
1334 2553 1411 2618 -a
1439 2553 1511 2619 titre
1534 2552 1730 2641 d'exemple,

234 2659 296 2725 pas
320 2644 524 2729 davantage:
549 2693 557 2709 .
582 2693 590 2709 .
615 2694 622 2708 .
647 2644 680 2710 id
705 2643 864 2727 postulas.

946 2785 1023 2851 501.

663 2908 700 2975 Εἰ
723 2909 811 2974 veris
832 2908 958 2974 vincor.

342 3014 377 3081 ln
413 3016 476 3081 hoc
510 3032 607 3082 versu
643 3031 719 3080 cum
758 3011 935 3082 Skutschio
968 3017 1000 3080 et
1035 3013 1178 3081 Haulero
1213 3013 1386 3080 lectionem
1421 3015 1574 3081 traditam
1599 3016 1728 3096 „veris“

236 3104 444 3188 recipiemus,
480 3104 572 3187 quod
608 3121 675 3170 non
711 3104 885 3183 habemus,
918 3122 977 3169 cur
1002 3101 1130 3171 flavetii
1159 3103 1381 3170 coniecturam
1406 3121 1549 3185 „verus;
1582 3106 1729 3183 vincor“,

235 3193 470 3276 praeferamus.
495 3192 654 3272 „Verbis“
677 3195 788 3259 autem
812 3193 907 3276 quasi
923 3193 1039 3278 glossa
1062 3192 1216 3259 vocabuli
1241 3194 1369 3273 „veris“
1393 3192 1648 3280 intellegendum
1669 3197 1728 3260 est.

342 3298 506 3364 Haulerus
542 3300 575 3365 in
613 3300 691 3365 adn.
728 3299 782 3365 ad.
814 3319 845 3366 v.
882 3299 942 3364 501
981 3298 1104 3381 optime
1128 3299 1342 3378 demonstrat,
1366 3300 1566 3366 vocabulum
1601 3301 1729 3380 „veris“

234 3405 309 3454 cum
334 3388 475 3468 „dictis“
499 3389 551 3454 vel
576 3389 730 3468 „verbis‘
754 3387 862 3471 ellipsi
897 3386 1060 3470 imprimis
1084 3387 1117 3452 in
1141 3405 1294 3453 sermone
1318 3388 1484 3455 cotidiano
1508 3389 1589 3455 satis
1613 3390 1729 3454 usitata

234 3476 401 3557 omittitur,
437 3477 650 3543 coniunctum
686 3493 760 3543 esse
793 3494 868 3542 cum
905 3476 1124 3559 praecedente
1147 3476 1347 3559 „phaleratis
1370 3477 1499 3559 dictis“,
1523 3478 1608 3544 sicut
1632 3478 1728 3543 simili

234 3566 360 3633 ratione
395 3565 569 3632 Terentius
604 3567 742 3648 usurpat
777 3563 932 3645 „multis“
972 3564 1086 3649 (Andr.
1115 3563 1200 3649 114),
1225 3582 1326 3648 saepe
1350 3567 1511 3649 „paucis“
1534 3565 1650 3653 (Andr.
1675 3568 1726 3644 29,

233 3655 287 3734 45,
322 3654 398 3733 345,
433 3655 509 3735 536,
546 3653 629 3720 Eun.
654 3650 745 3739 338),
771 3651 840 3720 llec
864 3654 930 3721 510
954 3654 1033 3719 audi
1062 3654 1188 3738 paucis,
1214 3653 1296 3719 Eun.
1325 3655 1409 3721 1067
1443 3656 1555 3721 audite
1590 3657 1726 3740 paucis;

234 3743 337 3810 Plaut.
373 3742 442 3808 Mil.
478 3745 566 3811 374:
613 3744 730 3828 paucis
763 3743 874 3810 verbis
909 3747 940 3809 te
974 3743 1071 3823 volo;
1102 3742 1192 3809 Trin.
1215 3743 1300 3809 963:
1324 3746 1356 3809 te
1378 3744 1485 3810 tribus
1507 3744 1617 3812 verbis
1640 3746 1726 3811 volo.

941 3886 1019 3953 505.

322 4007 355 4077 O
379 4009 649 4076 fortunatissume
670 4008 837 4094 Antiphol
863 4045 905 4056 -·
930 4008 1076 4095 Egone?
1100 4047 1142 4055 —
1167 4008 1256 4090 Quoi
1279 4011 1370 4093 quod
1394 4028 1489 4077 amas
1511 4010 1644 4091 domist,

324 4098 442 4182 Neque
466 4116 542 4164 cum
566 4098 667 4164 huius
690 4099 781 4165 modi
805 4116 965 4182 umquam
990 4116 1071 4165 usus
1092 4100 1182 4165 venit
1205 4101 1241 4165 ut
1263 4099 1471 4166 conflictares
1495 4101 1592 4167 malo.

341 4202 413 4271 lloc
449 4222 585 4288 quoque
621 4205 695 4271 loco
729 4205 769 4273 Η.
793 4206 900 4290 legem
924 4222 1058 4271 severae
1082 4206 1218 4271 rationis
1240 4206 1371 4272 criticae
1393 4207 1505 4287 violat,
1530 4224 1597 4291 qua
1631 4208 1726 4274 lectio

234 4292 399 4361 difficilior
423 4310 530 4377 usque
567 4293 710 4360 tenenda
733 4294 785 4372 sit,
810 4295 888 4360 dum
913 4293 1058 4377 aliquam
1083 4295 1278 4365 sententiam
1316 4296 1473 4379 praebeat
1508 4296 1724 4379 probabilem.

232 4382 272 4448 H.
296 4385 404 4448 autem
430 4382 546 4466 triplici
571 4381 673 4447 modo
698 4382 731 4448 in
756 4383 843 4447 hunc
866 4399 998 4449 versum
1022 4383 1252 4450 animadvertit
1275 4402 1350 4449 cum
1386 4385 1520 4450 scribit:

232 4470 395 4555 Neque
432 4471 655 4537 huiusmodi
695 4470 753 4537 tibi
778 4488 859 4537 usus
882 4472 1724 4555 venitunquamutconflicterismalo

339 4574 418 4645 Sine
454 4577 519 4643 ulla
549 4594 651 4644 causa
684 4576 963 4661 praepositionem
999 4580 1119 4657 „cum“
1143 4578 1270 4657 omittit,
1295 4580 1385 4662 quod
1426 4596 1568 4663 persona
1599 4582 1724 4647 tantum

231 4684 306 4733 cum
345 4666 400 4733 illa
438 4666 683 4749 praepositione
719 4666 910 4749 copuletur;
950 4666 1088 4733 verbum
1123 4667 1257 4746 „venit“
1303 4684 1462 4751 praesens
1496 4671 1597 4752 putat,
1633 4669 1723 4754 quod

230 4755 365 4910 ffihssime
402 4754 645 4908 liertimoportet,
680 4771 747 4838 qua
782 4753 824 4821 de
857 4770 960 4821 causa
993 4755 1090 4821 etiam
1125 4755 1375 4835 „conflictares“
1412 4758 1446 4823 in
1481 4758 1723 4837 „conflicleris“

266 4861 356 4911 uare
380 4860 454 4929 cogi
510 4892 516 4909 .
