3784 5550
915 470 1075 537 ...44

346 650 440 729 Quae
474 668 549 716 cum
584 650 628 716 ita
663 650 737 728 sint,
772 648 861 714 haud
884 646 1079 713 crediderim
1103 645 1291 712 Terentium
1316 647 1408 713 aliter
1431 648 1606 731 scripsisse
1628 651 1731 732 atque

238 740 395 806 omnibus
428 739 603 806 codicibus
640 739 776 805 traditur
790 757 798 818 ;
845 736 956 820 itaque
979 735 1153 802 lectionem
1178 735 1351 801 codicibus
1373 739 1534 803 servatam
1560 734 1730 821 recipiam.

914 879 1057 946 73-78.

346 1006 455 1072 Lectio
480 1006 556 1072 cod.
581 1003 755 1070 Bembini:

497 1096 536 1160 71
564 1091 670 1160 Geta:
716 1091 885 1158 Abeuntes
908 1090 1010 1156 ambo
1026 1091 1079 1156 liic
1102 1093 1171 1157 tunr
1197 1099 1296 1157 senes
1320 1108 1372 1156 me
1385 1090 1473 1156 ‘tiliis

562 1180 762 1265 Relinquont
785 1180 881 1263 quasi
905 1179 1109 1265 magistrum.
1134 1178 1267 1245 Davus:
1293 1178 1325 1246 0
1352 1177 1448 1258 Geta,
1484 1181 1689 1264 provinciam
1724 1271 1729 1278 ,

498 1290 540 1355 73
564 1285 690 1372 Cepisti
714 1287 852 1367 duram3
876 1284 989 1371 (Getal
1014 1286 1058 1350 mi
1082 1303 1164 1351 usus
1189 1287 1289 1365 venit,
1314 1286 1377 1352 1703
1400 1287 1493 1367 3370;
1587 1320 1591 1326 -

560 1376 698 1443 Μ37777777
722 1374 862 1459 relinqui
886 1393 938 1442 me
960 1375 1026 1440 deo
1050 1375 1132 1440 irato
1156 1392 1243 1440 meo.

498 1467 541 1532 75
565 1462 670 1548 Coepi
693 1465 869 1542 adversari,
882 1463 1012 1549 primo:
1036 1463 1252 1548 quidverbis
1276 1463 1406 1546 opust?

559 1552 637 1622 Seni
659 1553 769 1620 tidelis
791 1553 870 1619 dum
895 1551 981 1631 su'm,
1005 1552 1160 1635 scapulas
1184 1553 1325 1635 perdidi.

564 1640 670 1710 Geta:
716 1641 841 1709 Venere
865 1640 897 1705 in
934 1644 1077 1706 mentem
1102 1641 1147 1705 mi
1171 1641 1284 1707 istaec.
1309 1639 1372 1707 Da.
1396 1640 1550 1724 Namque
1573 1641 1738 1707 inscitiast

562 1730 748 1798 Advorsum
774 1730 942 1797 stimulum
967 1730 1085 1795 calces.
1110 1726 1172 1797 Ge.
1197 1728 1302 1813 Coepi
1327 1731 1375 1795 eis
1398 1731 1510 1795 omnia

560 1821 690 1899 Facere,
714 1819 856 1902 obsequi
879 1835 966 1901 quae
987 1817 1116 1884 vellent.
1140 1817 1203 1884 Da.
1234 1816 1330 1886 Scisti
1355 1820 1400 1884 uti
1423 1819 1507 1884 7070.
1607 1844 1610 1849 ·

560 1907 667 1978 Geta:
692 1909 813 1974 Noster
836 1908 912 1972 mali
936 1906 981 1972 7771
1006 1907 1186 1991 quicquam
1212 1907 1341 1990 primo;
1366 1908 1418 1973 hic
1443 1905 1605 1974 Phaedria

560 1996 727 2067 Continuo
751 1997 917 2080 quandam
943 1999 1061 2062 nactus
1084 1998 1134 2062 est
1158 1997 1348 2079 puellulam.

348 2107 382 2173 ln
404 2123 503 2172 versu
526 2106 569 2171 73
594 2102 880 2187 Umpienbachius
906 2103 970 2168 hoc
994 2102 1099 2167 modo
1125 2102 1342 2188 interpungit:

345 2195 513 2262 Mihiusus
536 2194 636 2271 venit,
661 2193 724 2257 1703
748 2193 830 2271 3370,
845 2189 1003 2257 Dziatzko
1019 2194 1051 2256 et
1064 2190 1255 2256 Fleckeisen
1270 2212 1277 2257 :
1292 2191 1340 2256 1117
1356 2208 1439 2257 usus
1460 2191 1549 2257 venit
1566 2192 1629 2256 1703
1641 2192 1734 2258 scio:

346 2301 489 2367 Hauler:
513 2299 561 2365 Nli
586 2316 668 2366 usus
690 2297 790 2376 venit,
819 2298 883 2363 hoc
906 2297 999 2376 scio;
1036 2296 1101 2375 Qui
1123 2298 1183 2362 viri
1207 2297 1295 2362 docti
1320 2297 1389 2363 iure
1413 2315 1597 2380 pronomen
1625 2298 1731 2376 „hoc“

240 2391 383 2459 referunt
404 2390 447 2456 ad
470 2389 572 2455 verba
596 2386 837 2471 praecedentia.
883 2381 1008 2452 Contra
1031 2384 1189 2451 Havetius
1215 2386 1414 2472 interpungit
1439 2388 1503 2466 ,mi
1529 2403 1610 2451 usus
1632 2387 1733 2452 venit.

242 2482 313 2548 Hoc
336 2479 437 2559 scio,“
464 2482 496 2545 et
519 2477 597 2543 dicit
619 2474 710 2561 (pag.
733 2473 810 2560 94):
838 2473 906 2554 ,Au
930 2491 1005 2541 vers
1028 2475 1082 2553 73,
1104 2474 1160 2560 J’ai
1184 2474 1307 2540 rectiiie
1330 2474 1360 2541 13
1384 2476 1599 2558 punctuation
1633 2479 1736 2541 avant

239 2573 271 2636 et
294 2569 392 2653 apres
418 2568 501 2648 ,1703
524 2567 627 2644 3370“,
652 2565 709 2648 qui
733 2567 783 2629 est
806 2563 1083 2630 necessairement
1106 2581 1170 2629 une
1193 2581 1345 2630 annonce
1369 2565 1411 2630 de
1435 2582 1472 2631 ce
1511 2565 1567 2648 qui
1603 2564 1669 2629 suit
1701 2568 1734 2630 et

240 2677 307 2725 non
332 2675 377 2723 un
401 2655 513 2740 rappel
538 2655 580 2721 de
604 2671 641 2720 33
665 2653 721 2737 qui
745 2651 895 2736 precede.
943 2652 965 2717 ll
989 2654 1038 2718 est
1062 2653 1258 2737 prodigieux
1291 2653 1312 2718 a
1343 2655 1419 2737 quel
1454 2654 1548 2737 point
1580 2654 1629 2719 les
1659 2671 1735 2718 mo-

240 2753 359 2815 dernes
383 2745 551 2833 negligent
573 2744 603 2810 le
626 2759 704 2809 sens
732 2758 851 2826 propre
875 2741 935 2807 des
967 2740 1244 2808 demonstratits.“

347 2852 494 2919 Dubium
518 2867 683 2917 essenon
708 2851 826 2932 potest,
851 2849 930 2931 quin
969 2848 1071 2927 „hoc“
1097 2849 1140 2913 ad
1175 2850 1402 2915 antecedentia
1438 2850 1647 2916 referendum
1684 2849 1738 2928 sit,

240 2943 332 3027 quod
357 2958 540 3024 pronomen
564 2938 664 3005 simili
689 2937 791 3002 modo
814 2940 991 3020 usurpatur
1014 2937 1046 3002 in
1070 2935 1213 3002 Andriae
1236 2956 1333 3004 versu
1356 2939 1445 3005 387:

348 3030 477 3113 Nempe
500 3029 564 3094 1703
587 3027 636 3092 373
660 3042 735 3091 3333
759 3026 899 3109 opinor:

349 3136 405 3202 ubi
432 3135 535 3215 „hoc“
561 3133 673 3216 utique
696 3133 739 3199 ad
763 3132 988 3198 antecedentia
1012 3131 1121 3198 reterri
1145 3134 1265 3216 potest.
1290 3133 1408 3218 Neque
1432 3134 1642 3200 manifestum
1672 3139 1737 3215 est,

241 3244 299 3293 cur
321 3226 431 3309 ipsum
457 3223 535 3289 illud
563 3221 735 3303 ,memini“
760 3221 870 3287 verbis
896 3222 979 3300 ,1703
1003 3222 1092 3286 3370“
1129 3220 1320 3308 augendum
1345 3224 1397 3289 sit.
1445 3221 1521 3300 Qua
1552 3224 1594 3289 de
1629 3239 1737 3291 causa

240 3316 284 3382 ab
308 3311 570 3396 interpunctione
605 3310 737 3376 llauleri
773 3310 863 3375 nullo
899 3310 1001 3375 modo
1025 3310 1230 3376 recedamus.
1277 3309 1381 3376 Paulo
1416 3312 1666 3379 memorabilius
1703 3319 1736 3379 et

242 3404 349 3489 magis
372 3401 521 3487 dignum,
538 3400 629 3483 quod
653 3398 860 3477 deliberetur,
878 3398 956 3463 milri
975 3398 1101 3463 llavetii
1119 3399 1326 3481 propositum
1349 3400 1477 3467 videtur
1500 3402 1543 3467 de
1566 3402 1735 3468 divisione

240 3508 396 3561 versuum
434 3490 575 3568 73-78,
610 3488 666 3571 qui
700 3505 721 3552 a
754 3487 832 3553 viris
864 3487 972 3553 doctis
1006 3488 1039 3552 in
1075 3487 1252 3553 maximam
1287 3488 1526 3555 dubitationem
1560 3495 1734 3557 vocantur.

241 3581 344 3647 Miror
367 3579 533 3663 equidem,
557 3577 648 3661 quod
673 3592 790 3642 omnes
813 3576 871 3642 viri
903 3576 1002 3655 docti,
1027 3576 1083 3659 qui
1107 3574 1305 3642 Bembinum
1340 3579 1511 3663 permagni
1545 3581 1735 3660 aestimant,

242 3671 341 3737 buius
364 3668 480 3751 optimi
506 3665 633 3732 codicis
657 3665 830 3731 lectionem
853 3682 1008 3732 versuum
1033 3666 1166 3731 73-78
1187 3669 1297 3732 tenere
1321 3685 1387 3733 non
1412 3668 1556 3734 student.

350 3757 495 3824 Primum
523 3754 720 3821 Bembinum
738 3754 771 3819 in
795 3771 835 3819 eo
859 3771 991 3837 sequor,
1015 3757 1050 3819 ut
1077 3771 1193 3820 versus
1210 3756 1444 3822 73-7610103
1460 3754 1556 3823 Davo
1579 3756 1735 3836 tribuam,

242 3852 311 3916 tum
345 3863 476 3913 versum
513 3846 557 3910 77
592 3860 731 3924 „venere
876 3844 996 3909 istaec“
1033 3860 1053 3908 a
1085 3839 1169 3910 Geta
1192 3844 1316 3910 dictum
1341 3849 1464 3929 putem,
1488 3845 1609 3912 deinde
1631 3846 1736 3912 verba

245 3951 409 4020 ,namque
576 3933 703 3999 calces“
759 3931 875 3997 Davus
910 3933 1072 4014 loquatur,
1111 3932 1255 4016 denique
1305 3930 1390 4001 Geta
1427 3937 1595 4018 postrema
1632 3935 1736 4002 verba

244 4024 454 4108 ,coepieis“.

349 4131 448 4210 Quod
474 4130 614 4214 primum
638 4126 761 4207 attinet,
786 4129 821 4194 ut
852 4144 969 4194 versus
993 4127 1123 4193 73-76
1146 4146 1166 4193 3
1190 4127 1286 4194 Davo
1322 4133 1553 4207 memorentur,
1589 4131 1734 4197 summis

241 4223 341 4290 rebus
364 4238 439 4286 cum
465 4218 604 4284 Havetio
628 4218 810 4296 consentio,
848 4216 942 4282 cuius
971 4216 1071 4283 verba
1096 4235 1251 4300 expressa
1276 4218 1329 4283 1773
1364 4236 1533 4285 enarrem:
1582 4218 1646 4298 ,La
1679 4220 1732 4286 cle'

241 4312 284 4378 de
306 4314 414 4377 toutes
438 4326 494 4375 ces
511 4306 688 4373 dilticultes
703 4310 762 4385 est,
778 4306 809 4391 je
825 4306 922 4382 crois,
939 4306 968 4370 le
991 4305 1048 4371 1371
1072 4324 1137 4389 que
1154 4307 1202 4372 les
1224 4324 1299 4373 vers
1323 4308 1454 4374 73-76
1478 4309 1732 4391 appartiennent

241 4403 313 4468 tout
344 4400 464 4466 entiers
498 4394 646 4475 unave,
681 4412 810 4460 comme
844 4395 874 4460 le
908 4398 985 4461 veut
1016 4396 1047 4461 13
1070 4393 1262 4461 Bembinus.
1309 4394 1400 4465 C’est
1422 4395 1517 4462 Dave
1540 4397 1597 4480 qui
1621 4415 1641 4462 a
1666 4415 1733 4463 une

241 4488 435 4573 experience
457 4485 594 4570 acquise
618 4484 730 4568 etqui
754 4484 810 4563 dit,
834 4501 875 4549 en
899 4483 1140 4549 connaissance
1163 4485 1205 4550 de
1229 4503 1338 4564 cause,
1365 4486 1587 4568 ,provinciam
1612 4486 1731 4569 cepisti

242 4580 401 4656 duram“;
426 4576 505 4642 3331
528 4575 572 4640 lui
589 4572 646 4658 qui
669 4572 841 4639 asoutiert
858 4573 899 4638 de
922 4573 954 4637 la
976 4572 1147 4638 contiance
1171 4574 1213 4640 de
1237 4592 1299 4640 son
1322 4574 1419 4640 vieux
1443 4576 1556 4640 maitre
1579 4572 1731 4659 (memini

242 4667 381 4751 relinqui
406 4682 459 4731 me
484 4715 491 4730 .
517 4715 525 4729 .
551 4662 595 4748 .);
626 4662 707 4728 3331
730 4663 773 4727 lui
799 4662 855 4745 qui
878 4679 899 4727 a
922 4660 1037 4727 resiste
1060 4662 1200 4728 d'abord
1224 4680 1289 4729 aux
1317 4663 1482 4728 tredaines
1505 4663 1585 4728 d’un
1630 4664 1732 4749 jeune

241 4760 374 4825 homme
397 4753 506 4839 (coepi
531 4752 697 4818 adversari
722 4802 729 4815 .
756 4802 763 4817 .
789 4748 834 4837 .);
858 4751 938 4817 c'est
962 4752 1005 4815 lui
1030 4752 1086 4834 qui
1109 4770 1130 4818 a
1153 4751 1204 4817 e'te
1227 4752 1303 4818 bien
1328 4754 1381 4817 sot
1404 4751 1510 4837 d'agir
1532 4770 1574 4818 en
1598 4752 1731 4819 esclave
1809 4819 1810 4826 ,

239 4840 577 5019 107ξέὲῖ133771177131743
593 4838 825 4997 ν7177777783077715ι
865 4837 1036 4907 Ρ73313733
1057 4840 1194 4919 accedit,
1219 4842 1310 4924 quod
1334 4841 1444 4907 adhuc
1468 4841 1631 4907 omissum
1656 4844 1732 4909 est:
1809 4834 1810 4902 7
