3784 5550
839 423 1016 492 ..9-

179 599 364 686 rogationis
400 600 500 665 habet
534 600 699 686 signoque
739 602 974 688 interrogativo
1010 602 1238 668 exornandum
1277 604 1336 667 est.
1398 598 1513 667 Potius
1549 600 1676 667 Havetii

130 699 133 712 ¹
178 688 379 756 sententiam
404 706 536 772 sequar,
553 689 610 772 qui
635 693 712 773 post
738 691 951 774 „etquidem
976 693 1063 775 ego“
1088 693 1246 774 punctum
1271 707 1395 774 ponere
1417 691 1495 769 vult,
1519 690 1676 773 quoniam

179 779 232 844 vis
256 779 489 864 interrogativa
511 779 577 844 iam
603 778 776 845 deminuta
800 796 874 845 esse
900 780 979 846 mihi
1001 780 1139 846 videtur.

891 922 968 988 232.

291 1042 347 1110 De·
373 1037 588 1130 grammatica
612 1044 815 1124 difficultate,
850 1062 951 1128 quam
977 1047 1029 1111 hic
1062 1046 1174 1112 statuit
1210 1045 1324 1125 flavet,
1350 1063 1390 1111 ne
1414 1062 1517 1110 unum
1541 1045 1676 1128 quidem

179 1135 321 1200 verbum
346 1135 427 1199 mihi
454 1134 632 1200 dicendum
650 1137 709 1213 est,
738 1151 813 1200 cum
841 1135 1050 1200 notissimum
1068 1135 1110 1200 sit
1134 1135 1261 1218 priscos
1284 1136 1432 1200 comicos
1455 1137 1571 1219 poetas
1594 1133 1679 1200 sicut

178 1223 329 1309 vulgaris
362 1223 526 1289 sermonis
561 1223 739 1305 scriptores
774 1240 935 1306 persaepe
970 1224 1091 1290 laxiore
1123 1223 1255 1290 dicendi
1284 1223 1525 1290 consuetudine
1548 1223 1679 1307 plebeia

180 1329 265 1378 usos
297 1313 522 1378 accusativum
559 1313 700 1378 subiecti
735 1313 999 1395 pronominalem
1032 1313 1181 1378 omittere
1215 1313 1387 1396 imprimis,
1423 1313 1451 1378 si
1491 1312 1676 1378 subiectum

181 1419 225 1466 ex
248 1401 523 1466 antecedentibus
545 1401 642 1467 facile
666 1401 837 1485 suppletur
856 1419 965 1484 neque
989 1401 1166 1485 quisquam
1181 1403 1377 1468 sententiam
1402 1401 1488 1467 male
1511 1400 1676 1485 intellegit.

182 1490 223 1555 H.
249 1493 359 1556 autem
384 1490 507 1555 idcirco
519 1493 645 1556 tantum
671 1491 756 1556 hanc
779 1489 1005 1556 difficultatem
1031 1491 1228 1575 investigare
1239 1491 1377 1570 videtur,
1394 1490 1472 1574 quia
1496 1491 1677 1556 sententiae

178 1579 280 1658 favet,
305 1596 372 1662 qua
388 1595 506 1644 omnes
520 1597 675 1645 versuum
694 1579 797 1644 series
821 1578 964 1645 Terentii
989 1596 1121 1645 summa
1143 1582 1212 1645 arte
1236 1584 1267 1645 et
1282 1578 1452 1664 diligentia
1474 1580 1678 1663 compositas

179 1686 260 1734 esse
285 1671 386 1751 putat,
411 1671 447 1733 ut
468 1667 616 1754 Madvig,
650 1665 795 1747 Conrad,
820 1668 1020 1734 Fleckeisen.
1068 1667 1144 1747 Qua
1168 1669 1328 1734 sententia
1351 1670 1537 1734 commotus
1573 1668 1678 1734 Havet

187 1758 363 1823 lectionem
388 1758 539 1823 traditam
569 1757 704 1822 minime
727 1758 794 1823 veri
819 1757 959 1823 similem
985 1775 1059 1822 esse
1081 1757 1263 1837 arbitratur,
1286 1774 1361 1823 cum
1394 1774 1549 1823 versuum
1573 1756 1680 1823 forma

180 1850 254 1912 arte
276 1847 463 1929 composita
486 1847 678 1930 postuletur,
704 1850 738 1911 ut
763 1850 794 1912 et
819 1864 920 1930 parva
943 1847 1045 1912 series
1070 1847 1219 1912 eiusdem
1242 1846 1373 1932 generis
1395 1863 1550 1912 versuum
1574 1849 1676 1912 totam

178 1935 379 2000 sententiam
403 1936 620 2018 amplectatur
643 1952 752 2019 neque
776 1953 849 2002 eam
873 1936 1070 2001 sententiam
1093 1937 1227 2001 alterius
1249 1935 1381 2021 generis
1403 1936 1555 2001 versibus
1579 1952 1678 2018 porro

179 2024 261 2090 duci
289 2024 393 2089 liceat.

289 2112 403 2178 Talem
439 2129 587 2178 severam
626 2112 659 2177 in
684 2113 928 2194 componendis
951 2113 1103 2178 versibus
1126 2113 1231 2197 legem
1256 2113 1346 2196 apud
1381 2113 1528 2180 comicos
1561 2115 1678 2197 poetas

184 2221 253 2268 non
292 2203 434 2267 statuere
472 2202 636 2267 debemus
673 2219 782 2285 neque
845 2202 1023 2285 postulare,
1063 2204 1098 2268 ut
1137 2202 1387 2287 diligentissime
1422 2203 1513 2286 leges
1552 2203 1678 2289 logicas

178 2291 372 2357 adhibeant.

292 2376 379 2446 Satis
415 2379 538 2444 multos
573 2396 690 2443 versus
726 2377 871 2462 proferre
907 2397 1099 2462 possumus,
1124 2379 1182 2445 ubi
1205 2380 1367 2445 sententia
1389 2397 1487 2446 versu
1509 2377 1677 2444 trochaico

182 2469 374 2552 septenario
397 2469 529 2551 incepta
553 2485 621 2533 non
645 2468 830 2534 absolvitur
846 2468 905 2534 sed
930 2468 1063 2534 alterius
1085 2469 1217 2554 generis
1240 2470 1392 2535 versibus
1416 2486 1514 2552 porro
1537 2468 1677 2533 ducitur.

180 2555 234 2625 Cf.
260 2557 343 2622 Eun.
366 2557 567 2623 son-367:

291 2645 381 2725 Quid
407 2645 481 2712 ita?
505 2641 566 2711 Ch.
592 2643 760 2729 Rogitas?
785 2662 917 2710 summa
940 2646 1047 2711 forma
1070 2663 1202 2727 semper
1225 2663 1419 2712 conservam
1443 2646 1534 2711 domi

289 2735 432 2815 Videbit,
457 2735 686 2818 conloquetur,
710 2734 816 2800 aderit
841 2752 906 2801 una
929 2735 963 2801 in
988 2734 1064 2800 unis
1087 2735 1248 2816 aedibus;

294 2823 346 2893 Cf.
373 2829 405 2891 et
428 2824 511 2889 Eun.
537 2825 634 2892 208-
648 2824 725 2902 209,
751 2824 841 2889 550-
862 2826 938 2904 551,
963 2825 1061 2890 645-
1075 2825 1151 2904 646,
1164 2824 1263 2890 Andr.
1286 2825 1352 2891 649
1370 2864 1380 2870 -
1397 2825 1473 2890 650.

292 2913 429 2998 Propter
445 2915 647 2997 postulatum
666 2930 764 2979 suum
788 2915 1039 2998 grammaticam
1064 2913 1290 2980 difficultatem
1316 2912 1357 2979 Η.
1381 2913 1557 2979 emendare
1570 2912 1680 2978 studet

184 3006 287 3088 plane
310 3004 535 3069 innecessaria
549 3003 737 3068 coniectura
755 3020 837 3081 „nec
855 3020 965 3068 meum
990 3002 1129 3087 (eum)“,
1155 3021 1241 3086 quae
1255 3003 1532 3088 palaeographica
1554 3002 1679 3067 ratione

182 3093 341 3158 facillime
368 3092 504 3176 quidem
530 3092 720 3175 explicatur.
747 3091 859 3173 ltaque
883 3109 1015 3157 versum
1040 3092 1218 3157 iambicum
1243 3094 1446 3157 octonarium
1471 3090 1599 3165 effecit:

181 3182 257 3247 Nec
290 3180 428 3266 m(eum)
461 3198 536 3246 eum
570 3180 743 3263 imperium
777 3178 831 3264 (ac
868 3182 961 3246 mitto
999 3179 1200 3265 imperium),
1225 3199 1292 3246 non
1329 3181 1526 3246 simultatem
1560 3195 1677 3243 meam.

291 3270 362 3356 Ego
402 3270 536 3353 quidem
575 3269 823 3335 demonstrasse
864 3287 916 3335 me
952 3272 1042 3353 puto,
1068 3288 1130 3335 nos
1169 3287 1236 3335 non
1260 3269 1392 3348 habere,
1416 3286 1474 3334 cur
1496 3285 1516 3333 a
1540 3267 1679 3333 lectione

179 3360 301 3426 tradita
325 3360 530 3437 recedamus,
565 3358 706 3441 primum
733 3358 823 3440 quod
849 3359 945 3424 lectio
980 3376 1046 3423 una
1070 3359 1254 3441 eademque
1278 3359 1350 3424 sine
1372 3357 1528 3424 varietate
1561 3356 1679 3422 tradita

177 3452 233 3515 est
271 3485 311 3495 -
348 3449 414 3513 iam
453 3443 571 3514 Cicero
609 3447 653 3511 ita
691 3447 803 3512 laudat
841 3448 884 3513 ad
923 3446 986 3512 Att.
1027 3446 1064 3513 ll.
1108 3448 1156 3526 19,
1192 3449 1202 3511 l
1236 3485 1286 3527 -,
1321 3450 1391 3512 turn
1431 3464 1506 3512 cum
1540 3445 1679 3511 omissio

182 3536 391 3620 pronominis
427 3537 506 3602 nihil
540 3535 661 3601 insoliti
698 3536 829 3614 habeat,
858 3536 1003 3619 denique
1027 3554 1102 3602 cum
1129 3536 1255 3602 llavetii
1279 3536 1433 3621 cogitatio
1457 3535 1500 3601 de
1523 3551 1678 3601 versuum

177 3627 298 3693 formis
321 3644 397 3692 curn
420 3625 593 3691 sententiis
631 3625 893 3708 congruentibus
916 3626 1092 3691 abicienda
1116 3626 1177 3705 sit,
1225 3642 1310 3708 quae
1334 3643 1409 3690 cum
1434 3625 1478 3690 ita
1501 3624 1577 3703 sint,
1602 3641 1677 3689 cum

178 3716 358 3782 codicibus
382 3714 482 3781 scribi
507 3716 660 3797 oportetr

289 3805 359 3870 Nec
384 3821 493 3869 meum
517 3802 776 3885 imperium-ac
801 3802 892 3867 mitto
917 3803 1090 3886 imperium
1115 3840 1157 3849 -
1182 3820 1249 3868 non
1274 3804 1471 3869 simultatem
1496 3818 1612 3869 meam.

893 3946 970 4011 244.

289 4088 353 4156 llut
375 4088 421 4154 fili
445 4091 617 4171 peccatum
640 4090 697 4152 aut
721 4088 833 4152 uxoris
858 4091 996 4153 mortem
1021 4093 1077 4157 aut
1112 4090 1264 4154 morbum
1287 4088 1385 4154 filiae.

291 4178 591 4256 lncommodorum‚
617 4194 702 4260 quae
727 4179 851 4258 patrem
877 4177 1056 4243 redientem
1093 4178 1241 4244 meditari
1277 4181 1416 4260 oportet,
1440 4180 1562 4258 „utne
1598 4175 1678 4259 quid

176 4268 296 4335 animo
320 4270 361 4333 sit
384 4268 529 4332 novom“
554 4264 721 4347 Demipho
746 4270 906 4331 memorat
929 4266 988 4331 filii
1011 4271 1193 4351 peccatum,
1217 4267 1330 4332 uxoris
1354 4269 1501 4344 mortem,
1526 4265 1678 4330 morbum

176 4359 280 4424 filiae.
328 4354 396 4424 Sed
432 4354 620 4439 „pourquoi
657 4354 688 4420 la
721 4353 843 4420 femme
876 4356 1006 4422 est-elle
1040 4360 1143 4421 morte
1176 4356 1282 4438 plutdt
1305 4374 1369 4439 que
1394 4355 1533 4433 malade,
1559 4354 1589 4419 la
1612 4354 1679 4419 fille

179 4447 314 4514 malade
347 4446 453 4528 plutdt
487 4461 552 4527 que
586 4442 740 4509 morte?“
778 4443 889 4524 Miror,
914 4462 983 4527 quo
1015 4446 1126 4510 studio
1152 4444 1191 4511 ll.
1217 4444 1429 4511 difficultates
1452 4446 1598 4528 quaerat,
1621 4443 1678 4508 ubi

179 4555 251 4603 non
276 4539 353 4602 sunt
376 4533 597 4618 quaerendae.
644 4528 813 4615 Demipho
838 4533 940 4598 modo
965 4535 1087 4618 cogitat
1110 4535 1152 4600 de
1177 4535 1321 4614 casibus,
1347 4534 1403 4618 qui
1427 4533 1511 4617 patri
1535 4531 1679 4599 familiae

173 4625 333 4691 accidere
367 4624 507 4707 possint,
543 4622 653 4687 minus
678 4623 800 4706 cogitat
822 4622 864 4687 de
889 4622 1023 4688 iacturis
1046 4623 1160 4690 aliisve
1183 4624 1408 4703 detrimentis;
1434 4641 1535 4707 quare
1570 4639 1678 4706 neque

172 4716 225 4781 de
260 4713 415 4780 incendio
448 4711 593 4795 loquitur
628 4727 735 4793 neque
757 4711 812 4783 ,de
847 4711 1073 4778 inundatione.
1111 4714 1222 4797 ltaque
1248 4717 1313 4778 tres
1345 4730 1445 4777 casus
1469 4712 1679 4777 nominantur

175 4820 292 4887 neque
315 4806 414 4886 poeta
436 4800 578 4886 figuram
601 4799 811 4885 gradationis
845 4800 985 4868 adhibet.
1019 4800 1186 4869 Sententia
1209 4805 1277 4866 tota
1300 4801 1476 4884 perspicua
1498 4803 1548 4867 est
1571 4816 1679 4882 neque

173 4893 368 4977 quidquam
404 4891 576 4969 habemus,
613 4905 671 4953 cur
704 4906 824 4954 vocem
861 4890 1058 4970 „morbum“
1093 4890 1334 4955 substituamus
1356 4906 1439 4956 voce
1461 4889 1679 4969 „maculam“,
